@ARTICLE{Sa_2016,
  AUTHOR = {Sa, Inkyu and Ge, Zongyuan and Dayoub, Feras and Upcroft, Ben and Perez, Tristan and McCool, Chris},
  PUBLISHER = {{MDPI} {AG}},
  URL = {https://doi.org/10.3390%2Fs16081222},
  DATE = {2016-08},
  DOI = {10.3390/s16081222},
  JOURNALTITLE = {Sensors},
  NUMBER = {8},
  PAGES = {1222},
  TITLE = {DeepFruits: A Fruit Detection System Using Deep Neural Networks},
  VOLUME = {16},
}

@ARTICLE{Maryam_2017,
  AUTHOR = {Rahnemoonfar, Maryam and Sheppard, Clay},
  PUBLISHER = {{MDPI} {AG}},
  URL = {https://doi.org/10.3390%2Fs17040905},
  DATE = {2017-04},
  DOI = {10.3390/s17040905},
  JOURNALTITLE = {Sensors},
  NUMBER = {4},
  PAGES = {905},
  TITLE = {Deep Count: Fruit Counting Based on Deep Simulated Learning},
  VOLUME = {17},
}

@ARTICLE{Grinblat_2016,
  AUTHOR = {Grinblat, Guillermo L. and Uzal, Lucas C. and Larese, M{\'{o}}nica G. and Granitto, Pablo M.},
  PUBLISHER = {Elsevier {BV}},
  URL = {https://doi.org/10.1016%2Fj.compag.2016.07.003},
  DATE = {2016-09},
  DOI = {10.1016/j.compag.2016.07.003},
  JOURNALTITLE = {Computers and Electronics in Agriculture},
  PAGES = {418--424},
  TITLE = {Deep learning for plant identification using vein morphological patterns},
  VOLUME = {127},
}

@REPORT{EmploymentEU,
  AUTHOR = {Fr\"{o}der, Christoph},
  INSTITUTION = {Institut der deutschen Wirtschaft K\"{o}ln, Geopa-Copa},
  DATE = {2014-11},
  TITLE = {Employment in European Agriculture: Labour Costs, Flexibility and Contractual Aspects},
}

@ARTICLE{Colbert16,
  AUTHOR = {Colbert, Amy and Yee, Nick and George, Gerard},
  URL = {https://journals.aom.org/doi/abs/10.5465/amj.2016.4003},
  DATE = {2016},
  DOI = {10.5465/amj.2016.4003},
  EPRINT = {https://journals.aom.org/doi/pdf/10.5465/amj.2016.4003},
  JOURNALTITLE = {Academy of Management Journal},
  NUMBER = {3},
  PAGES = {731--739},
  TITLE = {The Digital Workforce and the Workplace of the Future},
  VOLUME = {59},
}

@ARTICLE{Aubert_2012,
  AUTHOR = {Aubert, Benoit A. and Schroeder, Andreas and Grimaudo, Jonathan},
  PUBLISHER = {Elsevier {BV}},
  URL = {https://doi.org/10.1016%2Fj.dss.2012.07.002},
  DATE = {2012-12},
  DOI = {10.1016/j.dss.2012.07.002},
  JOURNALTITLE = {Decision Support Systems},
  NUMBER = {1},
  PAGES = {510--520},
  TITLE = {IT as enabler of sustainable farming: An empirical analysis of farmers adoption decision of precision agriculture technology},
  VOLUME = {54},
}

@ARTICLE{Pierpaoli_2013,
  AUTHOR = {Pierpaoli, Emanuele and Carli, Giacomo and Pignatti, Erika and Canavari, Maurizio},
  PUBLISHER = {Elsevier {BV}},
  URL = {https://doi.org/10.1016%2Fj.protcy.2013.11.010},
  DATE = {2013},
  DOI = {10.1016/j.protcy.2013.11.010},
  JOURNALTITLE = {Procedia Technology},
  PAGES = {61--69},
  TITLE = {Drivers of Precision Agriculture Technologies Adoption: A Literature Review},
  VOLUME = {8},
}

@ARTICLE{Zhang2002,
  AUTHOR = {Zhang, Naiqian and Wang, Maohua and Wang, Ning},
  PUBLISHER = {Elsevier {BV}},
  URL = {https://doi.org/10.1016/s0168-1699(02)00096-0},
  DATE = {2002-11},
  DOI = {10.1016/s0168-1699(02)00096-0},
  JOURNALTITLE = {Computers and Electronics in Agriculture},
  NUMBER = {2-3},
  PAGES = {113--132},
  TITLE = {Precision agriculture{---}a worldwide overview},
  VOLUME = {36},
}

@ARTICLE{Lamb_2008,
  AUTHOR = {Lamb, David W. and Frazier, Paul and Adams, Peter},
  PUBLISHER = {Elsevier {BV}},
  URL = {https://doi.org/10.1016%2Fj.compag.2007.04.009},
  DATE = {2008-04},
  DOI = {10.1016/j.compag.2007.04.009},
  JOURNALTITLE = {Computers and Electronics in Agriculture},
  NUMBER = {1},
  PAGES = {4--9},
  TITLE = {Improving pathways to adoption: Putting the right Ps in precision agriculture},
  VOLUME = {61},
}

@ARTICLE{Mulla_2013,
  AUTHOR = {Mulla, David J.},
  PUBLISHER = {Elsevier {BV}},
  URL = {https://doi.org/10.1016%2Fj.biosystemseng.2012.08.009},
  DATE = {2013-04},
  DOI = {10.1016/j.biosystemseng.2012.08.009},
  JOURNALTITLE = {Biosystems Engineering},
  NUMBER = {4},
  PAGES = {358--371},
  TITLE = {Twenty five years of remote sensing in precision agriculture: Key advances and remaining knowledge gaps},
  VOLUME = {114},
}

@ARTICLE{Hameed_2013,
  AUTHOR = {Hameed, I. A.},
  PUBLISHER = {Springer Nature},
  URL = {https://doi.org/10.1007%2Fs10846-013-9834-6},
  DATE = {2013-05},
  DOI = {10.1007/s10846-013-9834-6},
  JOURNALTITLE = {Journal of Intelligent {\&} Robotic Systems},
  NUMBER = {3-4},
  PAGES = {965--983},
  TITLE = {Intelligent Coverage Path Planning for Agricultural Robots and Autonomous Machines on Three-Dimensional Terrain},
  VOLUME = {74},
}

@ARTICLE{Yaghoubi13,
  AUTHOR = {Yaghoubi, S and Akbarzadeh, N.A. and Bazargani, S.S. and Bamizan, M and Asl, M.I.},
  BOOKTITLE = {International Journal of Mechanical and Mechatronics Engineering},
  DATE = {2013-01},
  PAGES = {1--6},
  TITLE = {Autonomous robots for agricultural tasks and farm assignment and future trends in agro robots},
  VOLUME = {13},
}

@BOOK{Precision2007,
  EDITOR = {Stafford, J.V.},
  PUBLISHER = {Wageningen Academic Publishers},
  URL = {https://doi.org/10.3920%2F978-90-8686-603-8},
  DATE = {2007-05},
  DOI = {10.3920/978-90-8686-603-8},
  TITLE = {Precision agriculture `07},
}

@ARTICLE{Bechar_2003,
  AUTHOR = {Bechar, Avital and Edan, Yael},
  PUBLISHER = {Emerald},
  URL = {https://doi.org/10.1108%2F01439910310492194},
  DATE = {2003-10},
  DOI = {10.1108/01439910310492194},
  JOURNALTITLE = {Industrial Robot: An International Journal},
  NUMBER = {5},
  PAGES = {432--436},
  TITLE = {Human-robot collaboration for improved target recognition of agricultural robots},
  VOLUME = {30},
}

@ARTICLE{Bechar_2016,
  AUTHOR = {Bechar, Avital and Vigneault, Cl{\'{e}}ment},
  PUBLISHER = {Elsevier {BV}},
  URL = {https://doi.org/10.1016%2Fj.biosystemseng.2016.06.014},
  DATE = {2016-09},
  DOI = {10.1016/j.biosystemseng.2016.06.014},
  JOURNALTITLE = {Biosystems Engineering},
  PAGES = {94--111},
  TITLE = {Agricultural robots for field operations: Concepts and components},
  VOLUME = {149},
}

@ARTICLE{Fuglie_2007,
  AUTHOR = {Fuglie, Keith and MacDonald, James M. and Ball, V. Eldon},
  PUBLISHER = {Elsevier {BV}},
  URL = {https://doi.org/10.2139%2Fssrn.1084980},
  DATE = {2007},
  DOI = {10.2139/ssrn.1084980},
  JOURNALTITLE = {{SSRN} Electronic Journal},
  TITLE = {Productivity Growth in U.S. Agriculture},
}

@ARTICLE{Tao_2017,
  AUTHOR = {Tao, Yongting and Zhou, Jun},
  PUBLISHER = {Elsevier {BV}},
  URL = {https://doi.org/10.1016%2Fj.compag.2017.09.019},
  DATE = {2017-11},
  DOI = {10.1016/j.compag.2017.09.019},
  JOURNALTITLE = {Computers and Electronics in Agriculture},
  PAGES = {388--396},
  TITLE = {Automatic apple recognition based on the fusion of color and 3D feature for robotic fruit picking},
  VOLUME = {142},
}

@ARTICLE{Barnea_2016,
  AUTHOR = {Barnea, Ehud and Mairon, Rotem and Ben-Shahar, Ohad},
  PUBLISHER = {Elsevier {BV}},
  URL = {https://doi.org/10.1016%2Fj.biosystemseng.2016.01.013},
  DATE = {2016-06},
  DOI = {10.1016/j.biosystemseng.2016.01.013},
  JOURNALTITLE = {Biosystems Engineering},
  PAGES = {57--70},
  TITLE = {Colour-agnostic shape-based 3D fruit detection for crop harvesting robots},
  VOLUME = {146},
}

@INCOLLECTION{Edan_2009,
  AUTHOR = {Edan, Yael and Han, Shufeng and Kondo, Naoshi},
  PUBLISHER = {Springer Berlin Heidelberg},
  URL = {https://doi.org/10.1007%2F978-3-540-78831-7_63},
  BOOKTITLE = {Springer Handbook of Automation},
  DATE = {2009},
  DOI = {10.1007/978-3-540-78831-7_63},
  PAGES = {1095--1128},
  TITLE = {Automation in Agriculture},
}

@ARTICLE{Kapach_2012,
  AUTHOR = {Kapach, Keren and Barnea, Ehud and Mairon, Rotem and Edan, Yael and Shahar, Ohad Ben},
  PUBLISHER = {Inderscience Publishers},
  URL = {https://doi.org/10.1504%2Fijcvr.2012.046419},
  DATE = {2012},
  DOI = {10.1504/ijcvr.2012.046419},
  JOURNALTITLE = {International Journal of Computational Vision and Robotics},
  NUMBER = {1/2},
  PAGES = {4},
  TITLE = {Computer vision for fruit harvesting robots - State of the art and challenges ahead},
  VOLUME = {3},
}

@ARTICLE{Bac_2014,
  AUTHOR = {Bac, C. Wouter and van Henten, Eldert J. and Hemming, Jochen and Edan, Yael},
  PUBLISHER = {Wiley-Blackwell},
  URL = {https://doi.org/10.1002%2Frob.21525},
  DATE = {2014-07},
  DOI = {10.1002/rob.21525},
  JOURNALTITLE = {Journal of Field Robotics},
  NUMBER = {6},
  PAGES = {888--911},
  TITLE = {Harvesting Robots for High-value Crops: State-of-the-art Review and Challenges Ahead},
  VOLUME = {31},
}

@ARTICLE{Jimnez1999,
  AUTHOR = {Jim{\'{e}}nez, A.R. and Jain, A.K. and Ceres, R. and Pons, J.L.},
  PUBLISHER = {Elsevier {BV}},
  URL = {https://doi.org/10.1016/s0031-3203(98)00170-8},
  DATE = {1999-10},
  DOI = {10.1016/s0031-3203(98)00170-8},
  JOURNALTITLE = {Pattern Recognition},
  NUMBER = {10},
  PAGES = {1719--1736},
  TITLE = {Automatic fruit recognition: a survey and new results using Range/Attenuation images},
  VOLUME = {32},
}

@ARTICLE{Song_2014,
  AUTHOR = {Song, Y. and Glasbey, C.A. and Horgan, G.W. and Polder, G. and Dieleman, J.A. and van der Heijden, G.W.A.M.},
  PUBLISHER = {Elsevier {BV}},
  URL = {https://doi.org/10.1016%2Fj.biosystemseng.2013.12.008},
  DATE = {2014-02},
  DOI = {10.1016/j.biosystemseng.2013.12.008},
  JOURNALTITLE = {Biosystems Engineering},
  PAGES = {203--215},
  TITLE = {Automatic fruit recognition and counting from multiple images},
  VOLUME = {118},
}

@ARTICLE{LeCun2015,
  AUTHOR = {LeCun, Yann and Bengio, Yoshua and Hinton, Geoffrey},
  PUBLISHER = {Springer Nature},
  URL = {https://doi.org/10.1038/nature14539},
  DATE = {2015-05},
  DOI = {10.1038/nature14539},
  JOURNALTITLE = {Nature},
  NUMBER = {7553},
  PAGES = {436--444},
  TITLE = {Deep learning},
  VOLUME = {521},
}

@INPROCEEDINGS{Krizhevsky_2012,
  AUTHOR = {Krizhevsky, Alex and Sutskever, Ilya and Hinton, Geoffrey E.},
  LOCATION = {Lake Tahoe, Nevada},
  PUBLISHER = {Curran Associates Inc.},
  URL = {http://dl.acm.org/citation.cfm?id=2999134.2999257},
  BOOKTITLE = {Proceedings of the 25th International Conference on Neural Information Processing Systems - Volume 1},
  DATE = {2012},
  PAGES = {1097--1105},
  SERIES = {NIPS'12},
  TITLE = {ImageNet Classification with Deep Convolutional Neural Networks},
}

@ARTICLE{Redmon_15,
  AUTHOR = {Redmon, Joseph and Divvala, Santosh Kumar and Girshick, Ross B. and Farhadi, Ali},
  URL = {http://arxiv.org/abs/1506.02640},
  DATE = {2015},
  EPRINT = {1506.02640},
  EPRINTTYPE = {arXiv},
  JOURNALTITLE = {CoRR},
  TITLE = {You Only Look Once: Unified, Real-Time Object Detection},
  VOLUME = {abs/1506.02640},
}

@ARTICLE{LiuAESR15,
  AUTHOR = {Liu, Wei and Anguelov, Dragomir and Erhan, Dumitru and Szegedy, Christian and Reed, Scott E. and Fu, Cheng{-}Yang and Berg, Alexander C.},
  URL = {http://arxiv.org/abs/1512.02325},
  DATE = {2015},
  EPRINT = {1512.02325},
  EPRINTTYPE = {arXiv},
  JOURNALTITLE = {CoRR},
  TITLE = {{SSD:} Single Shot MultiBox Detector},
  VOLUME = {abs/1512.02325},
}

@ARTICLE{HeZRS15,
  AUTHOR = {He, Kaiming and Zhang, Xiangyu and Ren, Shaoqing and Sun, Jian},
  URL = {http://arxiv.org/abs/1512.03385},
  DATE = {2015},
  EPRINT = {1512.03385},
  EPRINTTYPE = {arXiv},
  JOURNALTITLE = {CoRR},
  TITLE = {Deep Residual Learning for Image Recognition},
  VOLUME = {abs/1512.03385},
}

@ARTICLE{Linker_015,
  AUTHOR = {Linker, Raphael and Kelman, Eliyahu},
  PUBLISHER = {Elsevier {BV}},
  URL = {https://doi.org/10.1016%2Fj.compag.2015.04.005},
  DATE = {2015-06},
  DOI = {10.1016/j.compag.2015.04.005},
  JOURNALTITLE = {Computers and Electronics in Agriculture},
  PAGES = {154--162},
  TITLE = {Apple detection in nighttime tree images using the geometry of light patches around highlights},
  VOLUME = {114},
}

@ARTICLE{Payne_2014,
  AUTHOR = {Payne, A. and Walsh, K. and Subedi, P. and Jarvis, D.},
  PUBLISHER = {Elsevier {BV}},
  URL = {https://doi.org/10.1016%2Fj.compag.2013.11.011},
  DATE = {2014-01},
  DOI = {10.1016/j.compag.2013.11.011},
  JOURNALTITLE = {Computers and Electronics in Agriculture},
  PAGES = {160--167},
  TITLE = {Estimating mango crop yield using image analysis using fruit at `stone hardening' stage and night time imaging},
  VOLUME = {100},
}

@ARTICLE{Kelman_2014,
  AUTHOR = {Kelman, Eliyahu (Efim) and Linker, Raphael},
  PUBLISHER = {Elsevier {BV}},
  URL = {https://doi.org/10.1016%2Fj.biosystemseng.2013.11.007},
  DATE = {2014-02},
  DOI = {10.1016/j.biosystemseng.2013.11.007},
  JOURNALTITLE = {Biosystems Engineering},
  PAGES = {174--185},
  TITLE = {Vision-based localisation of mature apples in tree images using convexity},
  VOLUME = {118},
}

@ARTICLE{Stajnko2004,
  AUTHOR = {Stajnko, D. and Lakota, M. and Ho{\v{c}}evar, M.},
  PUBLISHER = {Elsevier {BV}},
  URL = {https://doi.org/10.1016/s0168-1699(03)00086-3},
  DATE = {2004-01},
  DOI = {10.1016/s0168-1699(03)00086-3},
  JOURNALTITLE = {Computers and Electronics in Agriculture},
  NUMBER = {1},
  PAGES = {31--42},
  TITLE = {Estimation of number and diameter of apple fruits in an orchard during the growing season by thermal imaging},
  VOLUME = {42},
}

@ARTICLE{Si_2015,
  AUTHOR = {Si, Yongsheng and Liu, Gang and Feng, Juan},
  PUBLISHER = {Elsevier {BV}},
  URL = {https://doi.org/10.1016%2Fj.compag.2015.01.010},
  DATE = {2015-03},
  DOI = {10.1016/j.compag.2015.01.010},
  JOURNALTITLE = {Computers and Electronics in Agriculture},
  PAGES = {68--74},
  TITLE = {Location of apples in trees using stereoscopic vision},
  VOLUME = {112},
}

@ARTICLE{Huanyu_2008,
  AUTHOR = {Jiang, Huanyu and Peng, Yongshi and Ying, Yibin},
  DATE = {2008-01},
  JOURNALTITLE = {American Society of Agricultural and Biological Engineers Annual International Meeting 2008, ASABE 2008},
  TITLE = {Measurement of 3-D Locations of Ripe Tomato by Binocular Stereo Vision for Tomato Harvesting},
  VOLUME = {11},
}

@INPROCEEDINGS{Nguyen2014AppleDA,
  AUTHOR = {Nguyen, Tien Thanh and Vandevoorde, Koenraad and Kayacan, Erdal and Baerdemaeker, Josse De and Saeys, Wouter and Mechatronics, MeBioS},
  DATE = {2014},
  TITLE = {Apple detection algorithm for robotic harvesting using a RGB-D camera},
}

@ARTICLE{GeirhosJSRBW17,
  AUTHOR = {Geirhos, Robert and Janssen, David H. J. and Sch{\"{u}}tt, Heiko H. and Rauber, Jonas and Bethge, Matthias and Wichmann, Felix A.},
  URL = {http://arxiv.org/abs/1706.06969},
  DATE = {2017},
  EPRINT = {1706.06969},
  EPRINTTYPE = {arXiv},
  JOURNALTITLE = {CoRR},
  TITLE = {Comparing deep neural networks against humans: object recognition when the signal gets weaker},
  VOLUME = {abs/1706.06969},
}

@ARTICLE{1602.07261,
  AUTHOR = {Szegedy, Christian and Ioffe, Sergey and Vanhoucke, Vincent and Alemi, Alex},
  DATE = {2016},
  EPRINT = {arXiv:1602.07261},
  TITLE = {Inception-v4, Inception-ResNet and the Impact of Residual Connections on Learning},
}

@INPROCEEDINGS{Bargoti_2017,
  AUTHOR = {Bargoti, Suchet and Underwood, James},
  PUBLISHER = {IEEE},
  URL = {https://doi.org/10.1109%2Ficra.2017.7989417},
  BOOKTITLE = {2017 {IEEE} International Conference on Robotics and Automation ({ICRA})},
  DATE = {2017-05},
  DOI = {10.1109/icra.2017.7989417},
  TITLE = {Deep fruit detection in orchards},
}

@MISC{Aykin_2017,
  AUTHOR = {Can Aykin, Simon P\"{o}cheim},
  HOWPUBLISHED = {\url{https://wiki.tum.de/display/lfdv/Layers+of+a+Convolutional+Neural+Network}},
  NOTE = {Accessed: 2017-02-03},
  TITLE = {Layers of a Convolutional Neural Network},
}

@INPROCEEDINGS{LeCun_2010,
  AUTHOR = {LeCun, Yann and Kavukcuoglu, Koray and Farabet, Clement},
  PUBLISHER = {IEEE},
  URL = {https://doi.org/10.1109%2Fiscas.2010.5537907},
  BOOKTITLE = {Proceedings of 2010 {IEEE} International Symposium on Circuits and Systems},
  DATE = {2010-05},
  DOI = {10.1109/iscas.2010.5537907},
  TITLE = {Convolutional networks and applications in vision},
}

@ARTICLE{Chen_2018,
  AUTHOR = {Chen, Zhong and Zhang, Ting and Ouyang, Chao},
  PUBLISHER = {{MDPI} {AG}},
  URL = {https://doi.org/10.3390%2Frs10010139},
  DATE = {2018-01},
  DOI = {10.3390/rs10010139},
  JOURNALTITLE = {Remote Sensing},
  NUMBER = {1},
  PAGES = {139},
  TITLE = {End-to-End Airplane Detection Using Transfer Learning in Remote Sensing Images},
  VOLUME = {10},
}

@ARTICLE{Lee_1990,
  AUTHOR = {Lee, Yim-Kul and Rhodes, William T.},
  PUBLISHER = {The Optical Society},
  URL = {https://doi.org/10.1364%2Fol.15.001383},
  DATE = {1990-12},
  DOI = {10.1364/ol.15.001383},
  JOURNALTITLE = {Optics Letters},
  NUMBER = {23},
  PAGES = {1383},
  TITLE = {Nonlinear image processing by a rotating kernel transformation},
  VOLUME = {15},
}

@ARTICLE{Zude_Sasse_2016,
  AUTHOR = {Zude-Sasse, M. and Fountas, S. and Gemtos, T.A. and Abu-Khalaf, N. and and},
  PUBLISHER = {International Society for Horticultural Science ({ISHS})},
  URL = {https://doi.org/10.17660%2Fejhs.2016%2F81.2.2},
  DATE = {2016-04},
  DOI = {10.17660/ejhs.2016/81.2.2},
  JOURNALTITLE = {European Journal of Horticultural Science},
  NUMBER = {2},
  PAGES = {78--90},
  TITLE = {Applications of precision agriculture in horticultural crops},
  VOLUME = {81},
}

@INPROCEEDINGS{de_Lima_2017,
  AUTHOR = {de Lima, Yuri Oliveira and de Souza, Jano Moreira},
  PUBLISHER = {IEEE},
  URL = {https://doi.org/10.1109%2Fcscwd.2017.8066668},
  BOOKTITLE = {2017 {IEEE} 21st International Conference on Computer Supported Cooperative Work in Design ({CSCWD})},
  DATE = {2017-04},
  DOI = {10.1109/cscwd.2017.8066668},
  TITLE = {The future of work: Insights for {CSCW}},
}

@ARTICLE{Harrison_2015,
  AUTHOR = {Harrison, Peter and Wolyniak, Joseph},
  PUBLISHER = {Oxford University Press ({OUP})},
  URL = {https://doi.org/10.1093%2Fnotesj%2Fgjv080},
  DATE = {2015-07},
  DOI = {10.1093/notesj/gjv080},
  JOURNALTITLE = {Notes and Queries},
  NUMBER = {3},
  PAGES = {465--467},
  TITLE = {The History of `Transhumanism'},
  VOLUME = {62},
}

@INPROCEEDINGS{Basava_2018,
  AUTHOR = {Basava, Sharana and Prasannakumar, K R},
  PUBLISHER = {IEEE},
  URL = {https://doi.org/10.1109%2Ficisc.2018.8398985},
  BOOKTITLE = {2018 2nd International Conference on Inventive Systems and Control ({ICISC})},
  DATE = {2018-01},
  DOI = {10.1109/icisc.2018.8398985},
  TITLE = {Big data in agribusiness: Climate gauging for savvy farming},
}

@ARTICLE{Cola_o_2018,
  AUTHOR = {Cola{\c{c}}o, Andr{\'{e}} F. and Molin, Jos{\'{e}} P. and Rosell-Polo, Joan R. and Escol{\`{a}}, Alexandre},
  PUBLISHER = {Springer Nature},
  URL = {https://doi.org/10.1038%2Fs41438-018-0043-0},
  DATE = {2018-07},
  DOI = {10.1038/s41438-018-0043-0},
  JOURNALTITLE = {Horticulture Research},
  NUMBER = {1},
  TITLE = {Application of light detection and ranging and ultrasonic sensors to high-throughput phenotyping and precision horticulture: current status and challenges},
  VOLUME = {5},
}

@ARTICLE{Huang_2018,
  AUTHOR = {Huang, Yanbo and CHEN, Zhong-xin and YU, Tao and HUANG, Xiang-zhi and GU, Xing-fa},
  PUBLISHER = {Elsevier {BV}},
  URL = {https://doi.org/10.1016%2Fs2095-3119%2817%2961859-8},
  DATE = {2018-09},
  DOI = {10.1016/s2095-3119(17)61859-8},
  JOURNALTITLE = {Journal of Integrative Agriculture},
  NUMBER = {9},
  PAGES = {1915--1931},
  TITLE = {Agricultural remote sensing big data: Management and applications},
  VOLUME = {17},
}

@ARTICLE{Manfrini2009,
  AUTHOR = {Manfrini, Luigi and Taylor, James and Grappadelli, Luca},
  BOOKTITLE = {European Journal of Horticultural Science},
  DATE = {2009-04},
  PAGES = {54--60},
  TITLE = {Spatial Analysis of the Effect of Fruit Thinning on Apple Crop Load},
  VOLUME = {74},
}

@ARTICLE{Beckett_1992,
  AUTHOR = {Beckett, Philip},
  PUBLISHER = {{SAGE} Publications},
  URL = {https://doi.org/10.1177%2F030913339201600119},
  DATE = {1992-03},
  DOI = {10.1177/030913339201600119},
  JOURNALTITLE = {Progress in Physical Geography},
  NUMBER = {1},
  PAGES = {120--122},
  TITLE = {Statistical methods in soil and land resource survey},
  VOLUME = {16},
}

@BOOK{brase2006precision,
  AUTHOR = {Brase, T.A.},
  PUBLISHER = {Thomson/Delmar Learning},
  URL = {https://books.google.co.za/books?id=hEBkQgAACAAJ},
  DATE = {2006},
  ISBN = {9781401881054},
  TITLE = {Precision Agriculture},
}

@ARTICLE{Slot_2018,
  AUTHOR = {Slot, M. M. and van de Wiel, C. C. M. and Kleter, G. A. and Visser, R. G. F. and Kok, E. J.},
  PUBLISHER = {Springer Nature},
  URL = {https://doi.org/10.1007%2Fs11248-018-0076-z},
  DATE = {2018-05},
  DOI = {10.1007/s11248-018-0076-z},
  JOURNALTITLE = {Transgenic Research},
  NUMBER = {4},
  PAGES = {321--329},
  TITLE = {The assessment of field trials in {GMO} research around the world and their possible integration in field trials for variety registration},
  VOLUME = {27},
}

@ARTICLE{Hedley_2014,
  AUTHOR = {Hedley, Carolyn},
  PUBLISHER = {Wiley},
  URL = {https://doi.org/10.1002%2Fjsfa.6734},
  DATE = {2014-06},
  DOI = {10.1002/jsfa.6734},
  JOURNALTITLE = {Journal of the Science of Food and Agriculture},
  NUMBER = {1},
  PAGES = {12--19},
  TITLE = {The role of precision agriculture for improved nutrient management on farms},
  VOLUME = {95},
}

@ARTICLE{Stafford_2000,
  AUTHOR = {Stafford, John V.},
  PUBLISHER = {Elsevier {BV}},
  URL = {https://doi.org/10.1006%2Fjaer.2000.0577},
  DATE = {2000-07},
  DOI = {10.1006/jaer.2000.0577},
  JOURNALTITLE = {Journal of Agricultural Engineering Research},
  NUMBER = {3},
  PAGES = {267--275},
  TITLE = {Implementing Precision Agriculture in the 21st Century},
  VOLUME = {76},
}

@INPROCEEDINGS{Pickett20041,
  AUTHOR = {Pickett, T.D.},
  URL = {https://www.scopus.com/inward/record.uri?eid=2-s2.0-8344269315\&partnerID=40\&md5=94805c8c1ed72ae6ed9a5c75916a7c20},
  DATE = {2004},
  JOURNALTITLE = {Proceedings of the Annual Meeting - Institute of Navigation},
  NOTE = {cited By 1},
  PAGES = {1--10},
  TITLE = {Future navigation needs in agriculture},
}

@ARTICLE{Chen_2012,
  AUTHOR = {Chen, Shu Fa and Feng, Cheng Long and Zhang, Shi Ping},
  PUBLISHER = {Trans Tech Publications},
  URL = {https://doi.org/10.4028%2Fwww.scientific.net%2Famm.249-250.610},
  DATE = {2012-12},
  DOI = {10.4028/www.scientific.net/amm.249-250.610},
  JOURNALTITLE = {Applied Mechanics and Materials},
  PAGES = {610--615},
  TITLE = {Design and Research on Variable-Rate Fertilization Computer Control System},
  VOLUME = {249-250},
}

@INPROCEEDINGS{Johnson1984114,
  AUTHOR = {Johnson, Clarence E. and Shafer, Robert L. and Young, Steven C.},
  URL = {https://www.scopus.com/inward/record.uri?eid=2-s2.0-0021314830&partnerID=40&md5=0e613713dda74029969a14f84564b502},
  DATE = {1984},
  JOURNALTITLE = {ASAE Publication},
  PAGES = {114--119},
  TITLE = {CONTROLLING AGRICULTURAL MACHINERY INTELLIGENTLY.},
}

@ARTICLE{Stafford_2000_book,
  AUTHOR = {Stafford, John V.},
  PUBLISHER = {Springer Nature},
  URL = {https://doi.org/10.1023%2Fa%3A1011894914362},
  DATE = {2000},
  DOI = {10.1023/a:1011894914362},
  JOURNALTITLE = {Precision Agriculture},
  NUMBER = {3},
  PAGES = {229--229},
  VOLUME = {2},
}

@INPROCEEDINGS{Pierce_1994,
  AUTHOR = {Pierce, F. J. and Robert, P. C. and Mangold, G.},
  PUBLISHER = {Iowa State University, Digital Press},
  URL = {https://doi.org/10.312742Ficm-180809-454},
  BOOKTITLE = {Proceedings of the Integrated Crop Management Conference},
  DATE = {1994},
  DOI = {10.31274/icm-180809-454},
  TITLE = {Site Specific Management: The Pros, the Cons, and the Realities},
}

@ARTICLE{Bastiaanssen_2000,
  AUTHOR = {Bastiaanssen, Wim G.M and Molden, David J and Makin, Ian W},
  PUBLISHER = {Elsevier {BV}},
  URL = {https://doi.org/10.1016%2Fs0378-3774%2800%2900080-9},
  DATE = {2000-12},
  DOI = {10.1016/s0378-3774(00)00080-9},
  JOURNALTITLE = {Agricultural Water Management},
  NUMBER = {2},
  PAGES = {137--155},
  TITLE = {Remote sensing for irrigated agriculture: examples from research and possible applications},
  VOLUME = {46},
}

@ARTICLE{Ojha_2015,
  AUTHOR = {Ojha, Tamoghna and Misra, Sudip and Raghuwanshi, Narendra Singh},
  PUBLISHER = {Elsevier {BV}},
  URL = {https://doi.org/10.1016%2Fj.compag.2015.08.011},
  DATE = {2015-10},
  DOI = {10.1016/j.compag.2015.08.011},
  JOURNALTITLE = {Computers and Electronics in Agriculture},
  PAGES = {66--84},
  TITLE = {Wireless sensor networks for agriculture: The state-of-the-art in practice and future challenges},
  VOLUME = {118},
}

@INPROCEEDINGS{Mekala_2017,
  AUTHOR = {Mekala, Mahammad Shareef and Viswanathan, P.},
  PUBLISHER = {IEEE},
  URL = {https://doi.org/10.1109%2Ficmdcs.2017.8211551},
  BOOKTITLE = {2017 International conference on Microelectronic Devices, Circuits and Systems ({ICMDCS})},
  DATE = {2017-08},
  DOI = {10.1109/icmdcs.2017.8211551},
  TITLE = {A Survey: Smart agriculture {IoT} with cloud computing},
}

@ARTICLE{Elijah_2018,
  AUTHOR = {Elijah, Olakunle and Rahman, Tharek Abdul and Orikumhi, Igbafe and Leow, Chee Yen and Hindia, MHD Nour},
  PUBLISHER = {Institute of Electrical and Electronics Engineers ({IEEE})},
  URL = {https://doi.org/10.1109%2Fjiot.2018.2844296},
  DATE = {2018},
  DOI = {10.1109/jiot.2018.2844296},
  JOURNALTITLE = {{IEEE} Internet of Things Journal},
  PAGES = {1--1},
  TITLE = {An Overview of Internet of Things ({IoT}) and Data Analytics in Agriculture: Benefits and Challenges},
}

@ARTICLE{Gill_2017,
  AUTHOR = {Gill, Sukhpal Singh and Chana, Inderveer and Buyya, Rajkumar},
  PUBLISHER = {{IGI} Global},
  URL = {https://doi.org/10.4018%2Fjoeuc.2017100101},
  DATE = {2017-10},
  DOI = {10.4018/joeuc.2017100101},
  JOURNALTITLE = {Journal of Organizational and End User Computing},
  NUMBER = {4},
  PAGES = {1--23},
  TITLE = {{IoT} Based Agriculture as a Cloud and Big Data Service},
  VOLUME = {29},
}

@ARTICLE{Sto_es_2016,
  AUTHOR = {Sto{\v{c}}es, Michal and Van{\v{e}}k, Ji{\v{r}}{\'{\i{}}} and Masner, Jan and Pavl{\'{\i{}}}k, J.},
  PUBLISHER = {Czech University of Life Sciences Prague},
  URL = {https://doi.org/10.7160%2Faol.2016.080108},
  DATE = {2016-03},
  DOI = {10.7160/aol.2016.080108},
  JOURNALTITLE = {Agris on-line Papers in Economics and Informatics},
  NUMBER = {1},
  PAGES = {83--88},
  TITLE = {Internet of Things ({IoT}) in Agriculture - Selected Aspects},
  VOLUME = {{VIII}},
}

@ARTICLE{Wolfert_2017,
  AUTHOR = {Wolfert, Sjaak and Ge, Lan and Verdouw, Cor and Bogaardt, Marc-Jeroen},
  PUBLISHER = {Elsevier {BV}},
  URL = {https://doi.org/10.1016%2Fj.agsy.2017.01.023},
  DATE = {2017-05},
  DOI = {10.1016/j.agsy.2017.01.023},
  JOURNALTITLE = {Agricultural Systems},
  PAGES = {69--80},
  TITLE = {Big Data in Smart Farming {--} A review},
  VOLUME = {153},
}

@ARTICLE{Pivoto_2018,
  AUTHOR = {Pivoto, Dieisson and Waquil, Paulo Dabdab and Talamini, Edson and Finocchio, Caroline Pauletto Spanhol and Corte, Vitor Francisco Dalla and de Vargas Mores, Giana},
  PUBLISHER = {Elsevier {BV}},
  URL = {https://doi.org/10.1016%2Fj.inpa.2017.12.002},
  DATE = {2018-03},
  DOI = {10.1016/j.inpa.2017.12.002},
  JOURNALTITLE = {Information Processing in Agriculture},
  NUMBER = {1},
  PAGES = {21--32},
  TITLE = {Scientific development of smart farming technologies and their application in Brazil},
  VOLUME = {5},
}

@ARTICLE{O_Grady_2017,
  AUTHOR = {OGrady, Michael J. and OHare, Gregory M.P.},
  PUBLISHER = {Elsevier {BV}},
  URL = {https://doi.org/10.1016%2Fj.inpa.2017.05.001},
  DATE = {2017-09},
  DOI = {10.1016/j.inpa.2017.05.001},
  JOURNALTITLE = {Information Processing in Agriculture},
  NUMBER = {3},
  PAGES = {179--187},
  TITLE = {Modelling the smart farm},
  VOLUME = {4},
}

@ARTICLE{Kaloxylos_2012,
  AUTHOR = {Kaloxylos, Alexandros and Eigenmann, Robert and Teye, Frederick and Politopoulou, Zoi and Wolfert, Sjaak and Shrank, Claudia and Dillinger, Markus and Lampropoulou, Ioanna and Antoniou, Eleni and Pesonen, Liisa and Nicole, Huether and Thomas, Floerchinger and Alonistioti, Nancy and Kormentzas, George},
  PUBLISHER = {Elsevier {BV}},
  URL = {https://doi.org/10.1016%2Fj.compag.2012.09.002},
  DATE = {2012-11},
  DOI = {10.1016/j.compag.2012.09.002},
  JOURNALTITLE = {Computers and Electronics in Agriculture},
  PAGES = {130--144},
  TITLE = {Farm management systems and the Future Internet era},
  VOLUME = {89},
}

@INPROCEEDINGS{Brown20121427,
  AUTHOR = {Brown, J.H.},
  URL = {https://www.scopus.com/inward/record.uri?eid=2-s2.0-84878042468&partnerID=40&md5=53d51432d1e740d68e9143bb3fb6b4ad},
  DATE = {2012},
  JOURNALTITLE = {AUVSI Unmanned Systems North America Conference 2012},
  NOTE = {cited By 0},
  PAGES = {1427--1439},
  TITLE = {Robotics in agriculture},
  VOLUME = {2},
}

@ARTICLE{Slaughter_2008,
  AUTHOR = {Slaughter, D.C. and Giles, D.K. and Downey, D.},
  PUBLISHER = {Elsevier {BV}},
  URL = {https://doi.org/10.1016%2Fj.compag.2007.05.008},
  DATE = {2008-04},
  DOI = {10.1016/j.compag.2007.05.008},
  JOURNALTITLE = {Computers and Electronics in Agriculture},
  NUMBER = {1},
  PAGES = {63--78},
  TITLE = {Autonomous robotic weed control systems: A review},
  VOLUME = {61},
}

@ARTICLE{Patr_cio_2018,
  AUTHOR = {Patricio, Diego Inacio and Rieder, Rafael},
  PUBLISHER = {Elsevier {BV}},
  URL = {https://doi.org/10.1016%2Fj.compag.2018.08.001},
  DATE = {2018-10},
  DOI = {10.1016/j.compag.2018.08.001},
  JOURNALTITLE = {Computers and Electronics in Agriculture},
  PAGES = {69--81},
  TITLE = {Computer vision and artificial intelligence in precision agriculture for grain crops: A systematic review},
  VOLUME = {153},
}

@ARTICLE{Ensmenger_2011,
  AUTHOR = {Ensmenger, Nathan},
  PUBLISHER = {University of Chicago Press},
  URL = {https://doi.org/10.1086%2F663065},
  DATE = {2011-09},
  DOI = {10.1086/663065},
  JOURNALTITLE = {Isis},
  NUMBER = {3},
  PAGES = {588--589},
  TITLE = {The Quest for Artificial Intelligence: A History of Ideas and Achievements},
  VOLUME = {102},
}

@ARTICLE{Alessio_2018,
  AUTHOR = {Scalisi, Alessio and Bresilla, Kushtrim and Grilo, Filipa Sim\~{o}es},
  PUBLISHER = {SOI},
  URL = {http://doi.org/10.26353/j.itahort/2017.2.3950},
  DATE = {2018},
  DOI = {10.26353/j.itahort/2017.2.3950},
  ISSN = {1127-3496},
  JOURNALTITLE = {Italus Hortus},
  NUMBER = {24},
  PAGES = {39--50},
  TITLE = {The Quest for Artificial Intelligence: A History of Ideas and Achievements},
}

@ARTICLE{Vougioukas_2013,
  AUTHOR = {Vougioukas, S. and Anastassiu, H.T. and Regen, C. and Zude, M.},
  PUBLISHER = {Elsevier {BV}},
  URL = {https://doi.org/10.1016%2Fj.biosystemseng.2012.08.011},
  DATE = {2013-04},
  DOI = {10.1016/j.biosystemseng.2012.08.011},
  JOURNALTITLE = {Biosystems Engineering},
  NUMBER = {4},
  PAGES = {454--465},
  TITLE = {Influence of foliage on radio path losses ({PLs}) for wireless sensor network ({WSN}) planning in orchards},
  VOLUME = {114},
}

@ARTICLE{Mirhosseini_2017,
  AUTHOR = {Mirhosseini, Mina and Barani, Fatemeh and Nezamabadi-pour, Hossein},
  PUBLISHER = {Elsevier {BV}},
  URL = {https://doi.org/10.1016%2Fj.suscom.2017.08.006},
  DATE = {2017-12},
  DOI = {10.1016/j.suscom.2017.08.006},
  JOURNALTITLE = {Sustainable Computing: Informatics and Systems},
  PAGES = {38--47},
  TITLE = {Design optimization of wireless sensor networks in precision agriculture using improved {BQIGSA}},
  VOLUME = {16},
}

@ARTICLE{Park_2015,
  AUTHOR = {Park, Junyoung and Lee, Sunggu and Yoo, Sungjoo},
  PUBLISHER = {Elsevier {BV}},
  URL = {https://doi.org/10.1016%2Fj.jpdc.2015.05.004},
  DATE = {2015-09},
  DOI = {10.1016/j.jpdc.2015.05.004},
  JOURNALTITLE = {Journal of Parallel and Distributed Computing},
  PAGES = {70--82},
  TITLE = {Time slot assignment for convergecast in wireless sensor networks},
  VOLUME = {83},
}

@ARTICLE{Carrabs_2015,
  AUTHOR = {Carrabs, Francesco and Cerulli, Raffaele and DAmbrosio, Ciriaco and Gentili, Monica and Raiconi, Andrea},
  PUBLISHER = {Elsevier {BV}},
  URL = {https://doi.org/10.1016%2Fj.cor.2015.02.013},
  DATE = {2015-08},
  DOI = {10.1016/j.cor.2015.02.013},
  JOURNALTITLE = {Computers {\&} Operations Research},
  PAGES = {121--137},
  TITLE = {Maximizing lifetime in wireless sensor networks with multiple sensor families},
  VOLUME = {60},
}

@ARTICLE{Ferentinos_2007,
  AUTHOR = {Ferentinos, Konstantinos P. and Tsiligiridis, Theodore A.},
  PUBLISHER = {Elsevier {BV}},
  URL = {https://doi.org/10.1016%2Fj.comnet.2006.06.013},
  DATE = {2007-03},
  DOI = {10.1016/j.comnet.2006.06.013},
  JOURNALTITLE = {Computer Networks},
  NUMBER = {4},
  PAGES = {1031--1051},
  TITLE = {Adaptive design optimization of wireless sensor networks using genetic algorithms},
  VOLUME = {51},
}

@ARTICLE{Aqeel_ur_Rehman_2014,
  AUTHOR = {Aqeel-ur-Rehman and Abbasi, Abu Zafar and Islam, Noman and Shaikh, Zubair Ahmed},
  PUBLISHER = {Elsevier},
  URL = {https://doi.org/10.1016\%2Fj.csi.2011.03.004},
  DATE = {2014-02},
  DOI = {10.1016/j.csi.2011.03.004},
  JOURNALTITLE = {Computer Standards \& Interfaces},
  NUMBER = {2},
  PAGES = {263--270},
  TITLE = {A review of wireless sensors and networks applications in agriculture},
  VOLUME = {36},
}

@ARTICLE{Ruiz_Garcia_2009,
  AUTHOR = {Ruiz-Garcia, Luis and Lunadei, Loredana and Barreiro, Pilar and Robla, Ignacio},
  PUBLISHER = {{MDPI} {AG}},
  URL = {https://doi.org/10.3390\%2Fs90604728},
  DATE = {2009-06},
  DOI = {10.3390/s90604728},
  JOURNALTITLE = {Sensors},
  NUMBER = {6},
  PAGES = {4728--4750},
  TITLE = {A Review of Wireless Sensor Technologies and Applications in Agriculture and Food Industry: State of the Art and Current Trends},
  VOLUME = {9},
}

@ARTICLE{akyildiz2002wireless,
  AUTHOR = {Akyildiz, Ian F and Su, Weilian and Sankarasubramaniam, Yogesh and Cayirci, Erdal},
  PUBLISHER = {Elsevier},
  DATE = {2002},
  JOURNALTITLE = {Computer networks},
  NUMBER = {4},
  PAGES = {393--422},
  TITLE = {Wireless sensor networks: a survey},
  VOLUME = {38},
}

@ARTICLE{Nikolidakis_2015,
  AUTHOR = {Nikolidakis, Stefanos A. and Kandris, Dionisis and Vergados, Dimitrios D. and Douligeris, Christos},
  PUBLISHER = {Elsevier {BV}},
  URL = {https://doi.org/10.1016%2Fj.compag.2015.02.004},
  DATE = {2015-04},
  DOI = {10.1016/j.compag.2015.02.004},
  JOURNALTITLE = {Computers and Electronics in Agriculture},
  PAGES = {154--163},
  TITLE = {Energy efficient automated control of irrigation in agriculture by using wireless sensor networks},
  VOLUME = {113},
}

@ARTICLE{dobkin2005radio,
  AUTHOR = {Dobkin, Daniel M and Wandinger, Titus},
  DATE = {2005},
  JOURNALTITLE = {High Frequency Electronics},
  NUMBER = {8},
  PAGES = {32--46},
  TITLE = {A radio-oriented introduction to RFID-protocols, tags and applications},
  VOLUME = {4},
}

@ARTICLE{li2006radio,
  AUTHOR = {Li, Suhong and Visich, John K and Khumawala, Basheer M and Zhang, Chen},
  PUBLISHER = {Emerald Group Publishing Limited},
  DATE = {2006},
  JOURNALTITLE = {Sensor Review},
  NUMBER = {3},
  PAGES = {193--202},
  TITLE = {Radio frequency identification technology: applications, technical challenges and strategies},
  VOLUME = {26},
}

@ARTICLE{Choudhury_2015,
  AUTHOR = {Choudhury, Sushabhan and Kuchhal, Piyush and Singh, Rajesh and Anita},
  PUBLISHER = {Elsevier {BV}},
  URL = {https://doi.org/10.1016%2Fj.procs.2015.04.195},
  DATE = {2015},
  DOI = {10.1016/j.procs.2015.04.195},
  JOURNALTITLE = {Procedia Computer Science},
  PAGES = {367--372},
  TITLE = {{ZigBee} and Bluetooth Network based Sensory Data Acquisition System},
  VOLUME = {48},
}

@ARTICLE{Vuran_2018,
  AUTHOR = {Vuran, Mehmet C. and Salam, Abdul and Wong, Rigoberto and Irmak, Suat},
  PUBLISHER = {Elsevier {BV}},
  URL = {https://doi.org/10.1016%2Fj.adhoc.2018.07.017},
  DATE = {2018-12},
  DOI = {10.1016/j.adhoc.2018.07.017},
  JOURNALTITLE = {Ad Hoc Networks},
  PAGES = {160--173},
  TITLE = {Internet of underground things in precision agriculture: Architecture and technology aspects},
  VOLUME = {81},
}

@INCOLLECTION{Wang_2013,
  AUTHOR = {Wang, N. and Li, Z.},
  PUBLISHER = {Elsevier},
  URL = {https://doi.org/10.1533%2F9780857095763.1.171},
  BOOKTITLE = {Robotics and Automation in the Food Industry},
  DATE = {2013},
  DOI = {10.1533/9780857095763.1.171},
  PAGES = {171--199},
  TITLE = {Wireless sensor networks ({WSNs}) in the agricultural and food industries},
}

@ARTICLE{Tzounis_2017,
  AUTHOR = {Tzounis, Antonis and Katsoulas, Nikolaos and Bartzanas, Thomas and Kittas, Constantinos},
  PUBLISHER = {Elsevier {BV}},
  URL = {https://doi.org/10.1016%2Fj.biosystemseng.2017.09.007},
  DATE = {2017-12},
  DOI = {10.1016/j.biosystemseng.2017.09.007},
  JOURNALTITLE = {Biosystems Engineering},
  PAGES = {31--48},
  TITLE = {Internet of Things in agriculture, recent advances and future challenges},
  VOLUME = {164},
}

@INPROCEEDINGS{Chougule_2016,
  AUTHOR = {Chougule, Archana and Jha, Vijay Kumar and Mukhopadhyay, Debajyoti},
  PUBLISHER = {IEEE},
  URL = {https://doi.org/10.1109%2Fiota.2016.7562688},
  BOOKTITLE = {2016 International Conference on Internet of Things and Applications ({IOTA})},
  DATE = {2016-01},
  DOI = {10.1109/iota.2016.7562688},
  TITLE = {Using {IoT} for integrated pest management},
}

@ARTICLE{Liqiang_2011,
  AUTHOR = {Liqiang, Zhao and Shouyi, Yin and Leibo, Liu and Zhen, Zhang and Shaojun., Wei},
  PUBLISHER = {Elsevier {BV}},
  URL = {https://doi.org/10.1016%2Fj.proenv.2011.12.088},
  DATE = {2011},
  DOI = {10.1016/j.proenv.2011.12.088},
  JOURNALTITLE = {Procedia Environmental Sciences},
  PAGES = {558--565},
  TITLE = {A Crop Monitoring System Based on Wireless Sensor Network},
  VOLUME = {11},
}

@INPROCEEDINGS{Jzau_Sheng_Lin_2008,
  AUTHOR = {Lin, Jzau-Sheng and Liu, Chun-Zu},
  PUBLISHER = {IEEE},
  URL = {https://doi.org/10.1109%2Ficct.2008.4716133},
  BOOKTITLE = {2008 11th {IEEE} International Conference on Communication Technology},
  DATE = {2008-11},
  DOI = {10.1109/icct.2008.4716133},
  TITLE = {A monitoring system based on wireless sensor network and an {SoC} platform in precision agriculture},
}

@INPROCEEDINGS{Hu_2010,
  AUTHOR = {Hu, Jing and Shen, Lianfeng and Yang, Yang and Lv, Ruichao},
  PUBLISHER = {IEEE},
  URL = {https://doi.org/10.1109%2Fwcins.2010.5544151},
  BOOKTITLE = {2010 {IEEE} International Conference on Wireless Communications, Networking and Information Security},
  DATE = {2010-06},
  DOI = {10.1109/wcins.2010.5544151},
  TITLE = {Design and implementation of wireless sensor and actor network for precision agriculture},
}

@ARTICLE{Akyildiz_2004,
  AUTHOR = {Akyildiz, Ian F. and Kasimoglu, Ismail H.},
  PUBLISHER = {Elsevier {BV}},
  URL = {https://doi.org/10.1016%2Fj.adhoc.2004.04.003},
  DATE = {2004-10},
  DOI = {10.1016/j.adhoc.2004.04.003},
  JOURNALTITLE = {Ad Hoc Networks},
  NUMBER = {4},
  PAGES = {351--367},
  TITLE = {Wireless sensor and actor networks: research challenges},
  VOLUME = {2},
}

@INPROCEEDINGS{Mainwaring200288,
  AUTHOR = {Mainwaring, A. and Polastre, J. and Szewczyk, R. and Culler, D. and Anderson, J.},
  URL = {https://www.scopus.com/inward/record.uri?eid=2-s2.0-0036986465&partnerID=40&md5=88de11e091b77d63b4e012d6047d50cc},
  DATE = {2002},
  JOURNALTITLE = {Proceedings of the ACM International Workshop on Wireless Sensor Networks and Applications},
  PAGES = {88--97},
  TITLE = {Wireless sensor networks for habitat monitoring},
}

@INPROCEEDINGS{Lv_2009,
  AUTHOR = {Lv, Ruichao and Shen, Lianfeng and Hu, Jing},
  PUBLISHER = {IEEE},
  URL = {https://doi.org/10.1109%2Ficise.2009.460},
  BOOKTITLE = {2009 First International Conference on Information Science and Engineering},
  DATE = {2009},
  DOI = {10.1109/icise.2009.460},
  TITLE = {Design and Implementation of a Wireless Sensor Network Gateway Supporting Multi-Mode Wide Area Access and Video Monitoring},
}

@INPROCEEDINGS{Chougule201617,
  AUTHOR = {Chougule, A. and Jha, V.K. and Mukhopadhyay, D.},
  URL = {https://www.scopus.com/inward/record.uri?eid=2-s2.0-84988965437&doi=10.1109%2fIOTA.2016.7562688&partnerID=40&md5=67026a72a94dbac834e2c9f98c35d25a},
  DATE = {2016},
  DOI = {10.1109/IOTA.2016.7562688},
  JOURNALTITLE = {2016 International Conference on Internet of Things and Applications, IOTA 2016},
  PAGES = {17--22},
  TITLE = {Using IoT for integrated pest management},
}

@INPROCEEDINGS{Dinh_Le_2015,
  AUTHOR = {Le, Tuan Dinh and Tan, Dat Ho},
  PUBLISHER = {IEEE},
  URL = {https://doi.org/10.1109%2Fnics.2015.7302210},
  BOOKTITLE = {2015 2nd National Foundation for Science and Technology Development Conference on Information and Computer Science ({NICS})},
  DATE = {2015-09},
  DOI = {10.1109/nics.2015.7302210},
  TITLE = {Design and deploy a wireless sensor network for precision agriculture},
}

@ARTICLE{Chen_2018a,
  AUTHOR = {Chen, Xianyi and Wang, Sun{'}an and Zhang, Binquan and Luo, Liang},
  PUBLISHER = {Elsevier {BV}},
  URL = {https://doi.org/10.1016%2Fj.compag.2018.02.009},
  DATE = {2018-04},
  DOI = {10.1016/j.compag.2018.02.009},
  JOURNALTITLE = {Computers and Electronics in Agriculture},
  PAGES = {91--108},
  TITLE = {Multi-feature fusion tree trunk detection and orchard mobile robot localization using camera/ultrasonic sensors},
  VOLUME = {147},
}

@ARTICLE{Sun_2009,
  AUTHOR = {Sun, Y. and Li, L. and Lammers, P. Schulze and Zeng, Q. and Lin, J. and Schumann, H.},
  PUBLISHER = {Elsevier {BV}},
  URL = {https://doi.org/10.1016%2Fj.compag.2009.06.009},
  DATE = {2009-11},
  DOI = {10.1016/j.compag.2009.06.009},
  JOURNALTITLE = {Computers and Electronics in Agriculture},
  NUMBER = {1},
  PAGES = {19--23},
  TITLE = {A solar-powered wireless cell for dynamically monitoring soil water content},
  VOLUME = {69},
}

@ARTICLE{Yunseop_Kim_2008,
  AUTHOR = {Kim, Yunseop and Evans, R.G. and Iversen, W.M.},
  PUBLISHER = {Institute of Electrical and Electronics Engineers ({IEEE})},
  URL = {https://doi.org/10.1109%2Ftim.2008.917198},
  DATE = {2008-07},
  DOI = {10.1109/tim.2008.917198},
  JOURNALTITLE = {{IEEE} Transactions on Instrumentation and Measurement},
  NUMBER = {7},
  PAGES = {1379--1387},
  TITLE = {Remote Sensing and Control of an Irrigation System Using a Distributed Wireless Sensor Network},
  VOLUME = {57},
}

@ARTICLE{Dong_2013,
  AUTHOR = {Dong, Xin and Vuran, Mehmet C. and Irmak, Suat},
  PUBLISHER = {Elsevier {BV}},
  URL = {https://doi.org/10.1016%2Fj.adhoc.2012.06.012},
  DATE = {2013-09},
  DOI = {10.1016/j.adhoc.2012.06.012},
  JOURNALTITLE = {Ad Hoc Networks},
  NUMBER = {7},
  PAGES = {1975--1987},
  TITLE = {Autonomous precision agriculture through integration of wireless underground sensor networks with center pivot irrigation systems},
  VOLUME = {11},
}

@ARTICLE{Akyildiz_2006,
  AUTHOR = {Akyildiz, Ian F. and Stuntebeck, Erich P.},
  PUBLISHER = {Elsevier {BV}},
  URL = {https://doi.org/10.1016%2Fj.adhoc.2006.04.003},
  DATE = {2006-11},
  DOI = {10.1016/j.adhoc.2006.04.003},
  JOURNALTITLE = {Ad Hoc Networks},
  NUMBER = {6},
  PAGES = {669--686},
  TITLE = {Wireless underground sensor networks: Research challenges},
  VOLUME = {4},
}

@ARTICLE{Al_Turjman_2018,
  AUTHOR = {Al-Turjman, Fadi},
  PUBLISHER = {Elsevier {BV}},
  URL = {https://doi.org/10.1016%2Fj.compag.2018.09.018},
  DATE = {2018-09},
  DOI = {10.1016/j.compag.2018.09.018},
  JOURNALTITLE = {Computers and Electronics in Agriculture},
  TITLE = {The road towards plant phenotyping via {WSNs}: An overview},
}

@ARTICLE{Torres_2017,
  AUTHOR = {Torres, Roque and Ferrara, Giuseppe and Soto, Fulgencio and Lopez, Juan A. and Sanchez, Francisco and Mazzeo, Andrea and Perez-Pastor, Alejandro and Domingo, Rafael},
  PUBLISHER = {{EDP} Sciences},
  URL = {https://doi.org/10.1051%2Fctv%2F20173201072},
  DATE = {2017},
  DOI = {10.1051/ctv/20173201072},
  JOURNALTITLE = {Ciencia e Tecnica Vitivinicola},
  NUMBER = {1},
  PAGES = {72--81},
  TITLE = {Effects of soil and climate in a table grape vineyard with cover crops. Irrigation management using sensors networks},
  VOLUME = {32},
}

@ARTICLE{Gautam_2017,
  AUTHOR = {Gautam, Rahul and Singh, Agnisha and Karthik, K. and Pandey, S. and Scrimgeour, F. and Tiwari, M.K.},
  PUBLISHER = {Elsevier},
  URL = {https://doi.org/10.1016%2Fj.cie.2016.09.007},
  DATE = {2017-01},
  DOI = {10.1016/j.cie.2016.09.007},
  JOURNALTITLE = {Computers \& Industrial Engineering},
  PAGES = {46--58},
  TITLE = {Traceability using RFID and its formulation for a kiwifruit supply chain},
  VOLUME = {103},
}

@ARTICLE{Ghaani_2016,
  AUTHOR = {Ghaani, Masoud and Cozzolino, Carlo A. and Castelli, Giulia and Farris, Stefano},
  PUBLISHER = {Elsevier {BV}},
  URL = {https://doi.org/10.1016%2Fj.tifs.2016.02.008},
  DATE = {2016-05},
  DOI = {10.1016/j.tifs.2016.02.008},
  JOURNALTITLE = {Trends in Food Science \& Technology},
  PAGES = {1--11},
  TITLE = {An overview of the intelligent packaging technologies in the food sector},
  VOLUME = {51},
}

@ARTICLE{Piramuthu_2013,
  AUTHOR = {Piramuthu, Selwyn and Farahani, Poorya and Grunow, Martin},
  PUBLISHER = {Elsevier {BV}},
  URL = {https://doi.org/10.1016%2Fj.ejor.2012.09.024},
  DATE = {2013-03},
  DOI = {10.1016/j.ejor.2012.09.024},
  JOURNALTITLE = {European Journal of Operational Research},
  NUMBER = {2},
  PAGES = {253--262},
  TITLE = {{RFID}-generated traceability for contaminated product recall in perishable food supply networks},
  VOLUME = {225},
}

@ARTICLE{Guo2014146,
  AUTHOR = {Guo, X. and Zheng, L.H. and Li, M.Z. and Zhang, Y.},
  URL = {https://www.scopus.com/inward/record.uri?eid=2-s2.0-84899651938&doi=10.3965%2fj.ijabe.20140702.018&partnerID=40&md5=e745230e785b969b600a39e3c57f8611},
  DATE = {2014},
  DOI = {10.3965/j.ijabe.20140702.018},
  JOURNALTITLE = {International Journal of Agricultural and Biological Engineering},
  NUMBER = {2},
  PAGES = {146--153},
  TITLE = {Intelligent data acquisition and cloud services for apple orchard},
  VOLUME = {7},
}

@INPROCEEDINGS{Wu_2013,
  AUTHOR = {Wu, Chenxing and Zhang, Haihui and Zhang, Jiaming and Tian, Weipeng and Cheng, Hao},
  PUBLISHER = {IEEE},
  URL = {https://doi.org/10.1109%2Ficdma.2013.42},
  BOOKTITLE = {2013 Fourth International Conference on Digital Manufacturing {\&} Automation},
  DATE = {2013-06},
  DOI = {10.1109/icdma.2013.42},
  TITLE = {An Orchard Management Systemwith {RFID}-Based Apple Tree Identify Detection},
}

@INPROCEEDINGS{Ampatzidis20123726,
  AUTHOR = {Ampatzidis, Y. and Adhikari, B. and Scharf, P. and Whiting, M. and Zhang, Q.},
  URL = {https://www.scopus.com/inward/record.uri?eid=2-s2.0-84871765509&partnerID=40&md5=3df562f44fe09aa56a93e2705380e32c},
  DATE = {2012},
  JOURNALTITLE = {American Society of Agricultural and Biological Engineers Annual International Meeting 2012, ASABE 2012},
  PAGES = {3726--3737},
  TITLE = {Preliminary testing of a system for evaluating picker efficiency in tree fruit},
  VOLUME = {5},
}

@ARTICLE{Ampatzidis_2009,
  AUTHOR = {Ampatzidis, Y.G. and Vougioukas, S.G.},
  PUBLISHER = {Elsevier {BV}},
  URL = {https://doi.org/10.1016%2Fj.compag.2009.01.008},
  DATE = {2009-05},
  DOI = {10.1016/j.compag.2009.01.008},
  JOURNALTITLE = {Computers and Electronics in Agriculture},
  NUMBER = {2},
  PAGES = {166--172},
  TITLE = {Field experiments for evaluating the incorporation of {RFID} and barcode registration and digital weighing technologies in manual fruit harvesting},
  VOLUME = {66},
}

@ARTICLE{Luvisi_2011,
  AUTHOR = {Luvisi, Andrea and Panattoni, Alessandra and Bandinelli, Roberto and Rinaldelli, Enrico and Pagano, Mario and Triolo, Enrico},
  PUBLISHER = {Elsevier {BV}},
  URL = {https://doi.org/10.1016%2Fj.biosystemseng.2011.03.001},
  DATE = {2011-06},
  DOI = {10.1016/j.biosystemseng.2011.03.001},
  JOURNALTITLE = {Biosystems Engineering},
  NUMBER = {2},
  PAGES = {167--173},
  TITLE = {Implanting {RFIDs} into Prunus to facilitate electronic identification in support of sanitary certification},
  VOLUME = {109},
}

@ARTICLE{Sicari_2015,
  AUTHOR = {Sicari, S. and Rizzardi, A. and Grieco, L.A. and Coen-Porisini, A.},
  PUBLISHER = {Elsevier {BV}},
  URL = {https://doi.org/10.1016%2Fj.comnet.2014.11.008},
  DATE = {2015-01},
  DOI = {10.1016/j.comnet.2014.11.008},
  JOURNALTITLE = {Computer Networks},
  PAGES = {146--164},
  TITLE = {Security, privacy and trust in Internet of Things: The road ahead},
  VOLUME = {76},
}

@ARTICLE{McBratney_2005,
  AUTHOR = {McBratney, Alex and Whelan, Brett and Ancev, Tihomir and Bouma, Johan},
  PUBLISHER = {Springer Nature},
  URL = {https://doi.org/10.1007%2Fs11119-005-0681-8},
  DATE = {2005-02},
  DOI = {10.1007/s11119-005-0681-8},
  JOURNALTITLE = {Precision Agriculture},
  NUMBER = {1},
  PAGES = {7--23},
  TITLE = {Future Directions of Precision Agriculture},
  VOLUME = {6},
}

@ARTICLE{Fountas_2006,
  AUTHOR = {Fountas, S. and Wulfsohn, D. and Blackmore, B.S. and Jacobsen, H.L. and Pedersen, S.M.},
  PUBLISHER = {Elsevier {BV}},
  URL = {https://doi.org/10.1016%2Fj.agsy.2004.12.003},
  DATE = {2006-02},
  DOI = {10.1016/j.agsy.2004.12.003},
  JOURNALTITLE = {Agricultural Systems},
  NUMBER = {2},
  PAGES = {192--210},
  TITLE = {A model of decision-making and information flows for information-intensive agriculture},
  VOLUME = {87},
}

@ARTICLE{_zk_se_2015,
  AUTHOR = {Ozkose, Hakan and Ari, Emin S. and Gencer, Cevriye},
  PUBLISHER = {Elsevier {BV}},
  URL = {https://doi.org/10.1016%2Fj.sbspro.2015.06.147},
  DATE = {2015-07},
  DOI = {10.1016/j.sbspro.2015.06.147},
  JOURNALTITLE = {Procedia - Social and Behavioral Sciences},
  PAGES = {1042--1050},
  TITLE = {Yesterday, Today and Tomorrow of Big Data},
  VOLUME = {195},
}

@ARTICLE{Philip_Chen_2014,
  AUTHOR = {Chen, C.L. Philip and Zhang, Chun-Yang},
  PUBLISHER = {Elsevier {BV}},
  URL = {https://doi.org/10.1016%2Fj.ins.2014.01.015},
  DATE = {2014-08},
  DOI = {10.1016/j.ins.2014.01.015},
  JOURNALTITLE = {Information Sciences},
  PAGES = {314--347},
  TITLE = {Data-intensive applications, challenges, techniques and technologies: A survey on Big Data},
  VOLUME = {275},
}

@ARTICLE{Li_2018,
  AUTHOR = {Li, Xuewei and Li, Xueyan},
  PUBLISHER = {Institute of Electrical and Electronics Engineers (IEEE)},
  URL = {https://doi.org/10.1109%2Fmcse.2018.042781329},
  DATE = {2018-07},
  DOI = {10.1109/mcse.2018.042781329},
  JOURNALTITLE = {Computing in Science \& Engineering},
  NUMBER = {4},
  PAGES = {75--88},
  TITLE = {Big Data and Its Key Technology in the Future},
  VOLUME = {20},
}

@ARTICLE{Kamilaris_2017,
  AUTHOR = {Kamilaris, Andreas and Kartakoullis, Andreas and Prenafeta-Boldu, Francesc X.},
  PUBLISHER = {Elsevier {BV}},
  URL = {https://doi.org/10.1016%2Fj.compag.2017.09.037},
  DATE = {2017-12},
  DOI = {10.1016/j.compag.2017.09.037},
  JOURNALTITLE = {Computers and Electronics in Agriculture},
  PAGES = {23--37},
  TITLE = {A review on the practice of big data analysis in agriculture},
  VOLUME = {143},
}

@ARTICLE{Tan_2016,
  AUTHOR = {Tan, Li},
  PUBLISHER = {Elsevier {BV}},
  URL = {https://doi.org/10.1016%2Fj.ifacol.2016.10.061},
  DATE = {2016},
  DOI = {10.1016/j.ifacol.2016.10.061},
  JOURNALTITLE = {{IFAC}-{PapersOnLine}},
  NUMBER = {16},
  PAGES = {330--335},
  TITLE = {Cloud-based Decision Support and Automation for Precision Agriculture in Orchards},
  VOLUME = {49},
}

@INCOLLECTION{Sahu_2018,
  AUTHOR = {Sahu, Shriya and Chawla, Meenu and Khare, Nilay},
  PUBLISHER = {Springer Singapore},
  URL = {https://doi.org/10.1007%2F978-981-13-1498-8_15},
  BOOKTITLE = {Advances in Intelligent Systems and Computing},
  DATE = {2018-09},
  DOI = {10.1007/978-981-13-1498-8_15},
  PAGES = {165--177},
  TITLE = {Viable Crop Prediction Scenario in BigData Using a Novel Approach},
}

@INPROCEEDINGS{Bendre_2015,
  AUTHOR = {Bendre, M. R. and Thool, R. C. and Thool, V. R.},
  PUBLISHER = {IEEE},
  URL = {https://doi.org/10.1109%2Fngct.2015.7375220},
  BOOKTITLE = {2015 1st International Conference on Next Generation Computing Technologies NGCT},
  DATE = {2015-09},
  DOI = {10.1109/ngct.2015.7375220},
  TITLE = {Big data in precision agriculture: Weather forecasting for future farming},
}

@INPROCEEDINGS{Zhang_2017,
  AUTHOR = {Zhang, Peng and Zhang, Qian and Liu, Fusheng and Li, Junqing and Cao, Ning and Song, Changqing},
  PUBLISHER = {IEEE},
  URL = {https://doi.org/10.1109%2Fcse-euc.2017.258},
  BOOKTITLE = {22017 {IEEE} International Conference on Computational Science and Engineering ({CSE}) and {IEEE} International Conference on Embedded and Ubiquitous Computing ({EUC})},
  DATE = {2017-07},
  DOI = {10.1109/cse-euc.2017.258},
  TITLE = {The Construction of the Integration of Water and Fertilizer Smart Water Saving Irrigation System Based on Big Data},
}

@INPROCEEDINGS{Barbouchi_2016,
  AUTHOR = {Barbouchi, Meriem and Chokmani, Karem and Abdelfattah, Riadh and Aissa, Nadhira Ben},
  PUBLISHER = {IEEE},
  URL = {https://doi.org/10.1109%2Fatsip.2016.7523143},
  BOOKTITLE = {2016 2nd International Conference on Advanced Technologies for Signal and Image Processing ({ATSIP})},
  DATE = {2016-03},
  DOI = {10.1109/atsip.2016.7523143},
  TITLE = {Yield estimation of the winter wheat using Radarsat 2 polarimetric {SAR} reponse},
}

@ARTICLE{Badr_2016,
  AUTHOR = {Badr, G. and Klein, L. J. and Freitag, M. and Albrecht, C. M. and Marianno, F. J. and Lu, S. and Shao, X. and Hinds, N. and Hoogenboom, G. and Hamann, H. F.},
  PUBLISHER = {IBM},
  URL = {https://doi.org/10.1147%2Fjrd.2016.2591698},
  DATE = {2016-09},
  DOI = {10.1147/jrd.2016.2591698},
  JOURNALTITLE = {{IBM} Journal of Research and Development},
  NUMBER = {5/6},
  PAGES = {5:1--5:11},
  TITLE = {Toward large-scale crop production forecasts for global food security},
  VOLUME = {60},
}

@INPROCEEDINGS{Suwantong_2016,
  AUTHOR = {Suwantong, Rata and Srestasathiern, Panu and Lawawirojwong, Siam and Rakwatin, Preesan},
  PUBLISHER = {IEEE},
  URL = {https://doi.org/10.1109%2Facc.2016.7525476},
  BOOKTITLE = {2016 American Control Conference ({ACC})},
  DATE = {2016-07},
  DOI = {10.1109/acc.2016.7525476},
  TITLE = {Moving Horizon Estimator with Pre-Estimation for crop start date estimation in tropical area},
}

@ARTICLE{Wang_2018,
  AUTHOR = {Wang, Tao and Chen, Jian and Fan, Yangyang and Qiu, Zhengjun and He, Yong},
  PUBLISHER = {Elsevier {BV}},
  URL = {https://doi.org/10.1016%2Fj.compag.2018.07.017},
  DATE = {2018-09},
  DOI = {10.1016/j.compag.2018.07.017},
  JOURNALTITLE = {Computers and Electronics in Agriculture},
  PAGES = {302--313},
  TITLE = {{SeeFruits}: Design and evaluation of a cloud-based ultra-portable {NIRS} system for sweet cherry quality detection},
  VOLUME = {152},
}

@ARTICLE{Xia_2018,
  AUTHOR = {Xia, JiAn and Yang, YuWang and Cao, HongXin and Han, Chen and Ge, DaoKuo and Zhang, WenYu},
  PUBLISHER = {Elsevier {BV}},
  URL = {https://doi.org/10.1016%2Fj.compag.2017.12.012},
  DATE = {2018-02},
  DOI = {10.1016/j.compag.2017.12.012},
  JOURNALTITLE = {Computers and Electronics in Agriculture},
  PAGES = {27--34},
  TITLE = {Visible-near infrared spectrum-based classification of apple chilling injury on cloud computing platform},
  VOLUME = {145},
}

@ARTICLE{Jayaraman_2016,
  AUTHOR = {Jayaraman, Prem and Yavari, Ali and Georgakopoulos, Dimitrios and Morshed, Ahsan and Zaslavsky, Arkady},
  PUBLISHER = {{MDPI} {AG}},
  URL = {https://doi.org/10.3390%2Fs16111884},
  DATE = {2016-11},
  DOI = {10.3390/s16111884},
  JOURNALTITLE = {Sensors},
  NUMBER = {11},
  PAGES = {1884},
  TITLE = {Internet of Things Platform for Smart Farming: Experiences and Lessons Learnt},
  VOLUME = {16},
}

@ARTICLE{Nguyen_2017,
  AUTHOR = {Nguyen, Van-Quyet and Nguyen, Sinh Ngoc and Kim, Kyungbaek},
  PUBLISHER = {Digital Contents Society},
  URL = {https://doi.org/10.9728%2Fdcs.2017.18.1.149},
  DATE = {2017-02},
  DOI = {10.9728/dcs.2017.18.1.149},
  JOURNALTITLE = {Journal of Digital Contents Society},
  NUMBER = {1},
  PAGES = {149--158},
  TITLE = {Design of a Platform for Collecting and Analyzing Agricultural Big Data},
  VOLUME = {18},
}

@ARTICLE{Woodard_2016,
  AUTHOR = {Woodard, Joshua},
  PUBLISHER = {Emerald},
  URL = {https://doi.org/10.1108%2Fafr-03-2016-0018},
  DATE = {2016-05},
  DOI = {10.1108/afr-03-2016-0018},
  JOURNALTITLE = {Agricultural Finance Review},
  NUMBER = {1},
  PAGES = {15--26},
  TITLE = {Big data and Ag-Analytics},
  VOLUME = {76},
}

@ARTICLE{Zhang_2013,
  AUTHOR = {Zhang, Fang and Fu, Li Si},
  PUBLISHER = {Trans Tech Publications},
  URL = {https://doi.org/10.4028%2Fwww.scientific.net%2Famm.462-463.72},
  DATE = {2013-11},
  DOI = {10.4028/www.scientific.net/amm.462-463.72},
  JOURNALTITLE = {Applied Mechanics and Materials},
  PAGES = {72--76},
  TITLE = {Application of Computer Vision Technology in Agricultural Field},
  VOLUME = {462-463},
}

@ARTICLE{Basu_2018,
  AUTHOR = {Basu, Subhajit and Omotubora, Adekemi and Beeson, Matt and Fox, Charles},
  PUBLISHER = {Springer Nature},
  URL = {https://doi.org/10.1007%2Fs00146-018-0846-4},
  DATE = {2018-05},
  DOI = {10.1007/s00146-018-0846-4},
  JOURNALTITLE = {{AI} {\&} {SOCIETY}},
  TITLE = {Legal framework for small autonomous agricultural robots},
}

@ARTICLE{Emmi_2014,
  AUTHOR = {Emmi, Luis and Gonzalez-de-Soto, Mariano and Pajares, Gonzalo and Gonzalez-de-Santos, Pablo},
  PUBLISHER = {Hindawi Limited},
  URL = {https://doi.org/10.1155%2F2014%2F404059},
  DATE = {2014},
  DOI = {10.1155/2014/404059},
  JOURNALTITLE = {The Scientific World Journal},
  PAGES = {1--21},
  TITLE = {New Trends in Robotics for Agriculture: Integration and Assessment of a Real Fleet of Robots},
  VOLUME = {2014},
}

@ARTICLE{Reid_2000,
  AUTHOR = {Reid, John F. and Zhang, Qin and Noguchi, Noboru and Dickson, Monte},
  PUBLISHER = {Elsevier {BV}},
  URL = {https://doi.org/10.1016%2Fs0168-1699%2899%2900061-7},
  DATE = {2000-01},
  DOI = {10.1016/s0168-1699(99)00061-7},
  JOURNALTITLE = {Computers and Electronics in Agriculture},
  NUMBER = {1-2},
  PAGES = {155--167},
  TITLE = {Agricultural automatic guidance research in North America},
  VOLUME = {25},
}

@ARTICLE{Noguchi_2001,
  AUTHOR = {Noguchi, Noboru and Zhang, Qin and Han, Shufeng and Reid, John F.},
  PUBLISHER = {Elsevier {BV}},
  URL = {https://doi.org/10.1016%2Fs1474-6670%2817%2933136-1},
  DATE = {2001-09},
  DOI = {10.1016/s1474-6670(17)33136-1},
  JOURNALTITLE = {{IFAC} Proceedings Volumes},
  NUMBER = {19},
  PAGES = {197--202},
  TITLE = {Autonomous Agricultural Tractor with an Intelligent Navigation System},
  VOLUME = {34},
}

@ARTICLE{Eizicovits_2014,
  AUTHOR = {Eizicovits, Danny and Berman, Sigal},
  PUBLISHER = {Elsevier {BV}},
  URL = {https://doi.org/10.1016%2Fj.robot.2014.03.011},
  DATE = {2014-08},
  DOI = {10.1016/j.robot.2014.03.011},
  JOURNALTITLE = {Robotics and Autonomous Systems},
  NUMBER = {8},
  PAGES = {1208--1219},
  TITLE = {Efficient sensory-grounded grasp pose quality mapping for gripper design and online grasp planning},
  VOLUME = {62},
}

@ARTICLE{Bechar_2017,
  AUTHOR = {Bechar, Avital and Vigneault, Cl{\'{e}}ment},
  PUBLISHER = {Elsevier {BV}},
  URL = {https://doi.org/10.1016%2Fj.biosystemseng.2016.11.004},
  DATE = {2017-01},
  DOI = {10.1016/j.biosystemseng.2016.11.004},
  JOURNALTITLE = {Biosystems Engineering},
  PAGES = {110--128},
  TITLE = {Agricultural robots for field operations. Part 2: Operations and systems},
  VOLUME = {153},
}

@ARTICLE{Xia_2015,
  AUTHOR = {Xia, Chunlei and Wang, Longtan and Chung, Bu-Keun and Lee, Jang-Myung},
  PUBLISHER = {{MDPI} {AG}},
  URL = {https://doi.org/10.3390%2Fs150820463},
  DATE = {2015-08},
  DOI = {10.3390/s150820463},
  JOURNALTITLE = {Sensors},
  NUMBER = {8},
  PAGES = {20463--20479},
  TITLE = {In Situ 3D Segmentation of Individual Plant Leaves Using a {RGB}-D Camera for Agricultural Automation},
  VOLUME = {15},
}

@ARTICLE{Bechar_2009,
  AUTHOR = {Bechar, A. and Meyer, J. and Edan, Y.},
  PUBLISHER = {Institute of Electrical and Electronics Engineers ({IEEE})},
  URL = {https://doi.org/10.1109%2Ftsmcc.2009.2020174},
  DATE = {2009-11},
  DOI = {10.1109/tsmcc.2009.2020174},
  JOURNALTITLE = {{IEEE} Transactions on Systems, Man, and Cybernetics, Part C (Applications and Reviews)},
  NUMBER = {6},
  PAGES = {611--620},
  TITLE = {An Objective Function to Evaluate Performance of Human{--}Robot Collaboration in Target Recognition Tasks},
  VOLUME = {39},
}

@ARTICLE{Oren_2011,
  AUTHOR = {Oren, Y. and Bechar, A. and Edan, Y.},
  PUBLISHER = {Cambridge University Press ({CUP})},
  URL = {https://doi.org/10.1017%2Fs0263574711001020},
  DATE = {2011-10},
  DOI = {10.1017/s0263574711001020},
  JOURNALTITLE = {Robotica},
  NUMBER = {05},
  PAGES = {813--826},
  TITLE = {Performance analysis of a human{--}robot collaborative target recognition system},
  VOLUME = {30},
}

@INPROCEEDINGS{Anil_2015,
  AUTHOR = {Anil, H. and k.s. Nikhil and Chaitra, V. and Gurusharan, B.S.},
  PUBLISHER = {IEEE},
  URL = {https://doi.org/10.1109%2Fisms.2015.2},
  BOOKTITLE = {2015 6th International Conference on Intelligent Systems, Modelling and Simulation},
  DATE = {2015-02},
  DOI = {10.1109/isms.2015.2},
  TITLE = {Revolutionizing Farming Using Swarm Robotics},
}

@ARTICLE{Emmi_2013,
  AUTHOR = {Emmi, Luis and Paredes-Madrid, Leonel and Ribeiro, Angela and Pajares, Gonzalo and Gonzalez-de-Santos, Pablo},
  PUBLISHER = {Emerald},
  URL = {https://doi.org/10.1108%2F01439911311294246},
  DATE = {2013-01},
  DOI = {10.1108/01439911311294246},
  JOURNALTITLE = {Industrial Robot: An International Journal},
  NUMBER = {1},
  PAGES = {41--58},
  TITLE = {Fleets of robots for precision agriculture: a simulation environment},
  VOLUME = {40},
}

@ARTICLE{Tan_2013,
  AUTHOR = {Tan, Ying and Zheng, Zhong-yang},
  PUBLISHER = {Elsevier {BV}},
  URL = {https://doi.org/10.1016%2Fj.dt.2013.03.001},
  DATE = {2013-03},
  DOI = {10.1016/j.dt.2013.03.001},
  JOURNALTITLE = {Defence Technology},
  NUMBER = {1},
  PAGES = {18--39},
  TITLE = {Research Advance in Swarm Robotics},
  VOLUME = {9},
}

@ARTICLE{Malavazi_2018,
  AUTHOR = {Malavazi, Flavio B.P. and Guyonneau, Remy and Fasquel, Jean-Baptiste and Lagrange, Sebastien and Mercier, Franck},
  PUBLISHER = {Elsevier {BV}},
  URL = {https://doi.org/10.1016%2Fj.compag.2018.08.034},
  DATE = {2018-11},
  DOI = {10.1016/j.compag.2018.08.034},
  JOURNALTITLE = {Computers and Electronics in Agriculture},
  PAGES = {71--79},
  TITLE = {{LiDAR}-only based navigation algorithm for an autonomous agricultural robot},
  VOLUME = {154},
}

@ARTICLE{Baluja_2012,
  AUTHOR = {Baluja, Javier and Diago, Maria P. and Balda, Pedro and Zorer, Roberto and Meggio, Franco and Morales, Fermin and Tardaguila, Javier},
  PUBLISHER = {Springer Nature},
  URL = {https://doi.org/10.1007%2Fs00271-012-0382-9},
  DATE = {2012-08},
  DOI = {10.1007/s00271-012-0382-9},
  JOURNALTITLE = {Irrigation Science},
  NUMBER = {6},
  PAGES = {511--522},
  TITLE = {Assessment of vineyard water status variability by thermal and multispectral imagery using an unmanned aerial vehicle ({UAV})},
  VOLUME = {30},
}

@ARTICLE{Gongal_2016,
  AUTHOR = {Gongal, A. and Silwal, A. and Amatya, S. and Karkee, M. and Zhang, Q. and Lewis, K.},
  PUBLISHER = {Elsevier {BV}},
  URL = {https://doi.org/10.1016%2Fj.compag.2015.10.022},
  DATE = {2016-01},
  DOI = {10.1016/j.compag.2015.10.022},
  JOURNALTITLE = {Computers and Electronics in Agriculture},
  PAGES = {26--35},
  TITLE = {Apple crop-load estimation with over-the-row machine vision system},
  VOLUME = {120},
}

@ARTICLE{Addicott_1955,
  AUTHOR = {Addicott, F T and Lynch, R S},
  PUBLISHER = {Annual Reviews},
  URL = {https://doi.org/10.1146%2Fannurev.pp.06.060155.001235},
  DATE = {1955-06},
  DOI = {10.1146/annurev.pp.06.060155.001235},
  JOURNALTITLE = {Annual Review of Plant Physiology},
  NUMBER = {1},
  PAGES = {211--238},
  TITLE = {Physiology of Abscission},
  VOLUME = {6},
}

@ARTICLE{Pla_1995,
  AUTHOR = {Pla, F. and Juste, F.},
  PUBLISHER = {Elsevier {BV}},
  URL = {https://doi.org/10.1016%2F0168-1699%2895%2900029-1},
  DATE = {1995-12},
  DOI = {10.1016/0168-1699(95)00029-1},
  JOURNALTITLE = {Computers and Electronics in Agriculture},
  NUMBER = {4},
  PAGES = {301--314},
  TITLE = {A thinning-based algorithm to characterize fruit stems from profile images},
  VOLUME = {13},
}

@INPROCEEDINGS{Gebbers_2013,
  AUTHOR = {Gebbers, Robin and Pflanz, Michael and Betz, Adolf and Hille, Benjamin and Mattner, Jens and Rachow-Autrum, Thomas and Ozyurtlu, Mustafa and Schischmanow, Adrian and Scheele, Martin and Schrenk, Johannes and Schrenk, Ludwig},
  LANGUAGE = {English},
  LOCATION = {Potsdam, Germany},
  DATE = {2013},
  ISSN = {16175468},
  JOURNALTITLE = {Lecture Notes in Informatics (LNI), Proceedings - Series of the Gesellschaft fur Informatik (GI)},
  PAGES = {95--98},
  TITLE = {Opti thin - implementation of precision horticulture by tree-specific mechanical thinning},
  VOLUME = {P-211},
}

@ARTICLE{westwood1970,
  AUTHOR = {Westwood, MN and Roberts, AN and others},
  DATE = {1970},
  JOURNALTITLE = {Journal of the American Society of Horticultural Science},
  PAGES = {28--30},
  TITLE = {The relationship between trunk cross-sectional area and weight of apple trees.},
  VOLUME = {95},
}

@ARTICLE{forshey1986,
  AUTHOR = {Forshey, Chester},
  PUBLISHER = {New York State Agricultural Experiment Station},
  DATE = {1986},
  TITLE = {Chemical fruit thinning of apples},
}

@ARTICLE{wright2006fruit,
  AUTHOR = {Wright, AH and Embree, CG and Nichols, DS and Prange, RK and Harrison, PA and Delong, JM},
  PUBLISHER = {Taylor \& Francis},
  DATE = {2006},
  JOURNALTITLE = {The Journal of Horticultural Science and Biotechnology},
  NUMBER = {3},
  PAGES = {397--401},
  TITLE = {Fruit mass, colour and yield of \textquoteleft{}{}{}{}Honeycrisp\textquoteright{}{}{}{}\x{2122} apples are influenced by manually-adjusted fruit population and tree form},
  VOLUME = {81},
}

@ARTICLE{koike2003influence,
  AUTHOR = {Koike, Hiroo and Tamai, Hiroshi and Ono, Takashi and Shigehara, Izumi},
  PUBLISHER = {American Pomological Society},
  DATE = {2003},
  JOURNALTITLE = {Journal of the American Pomological Society},
  NUMBER = {4},
  PAGES = {169},
  TITLE = {Influence of time of thinning on yield, fruit quality and return flowering of'Fuji'apple},
  VOLUME = {57},
}

@ARTICLE{wright2006evaluating,
  AUTHOR = {Wright, H and Nichols, D and Embree, C},
  DATE = {2006},
  JOURNALTITLE = {Acta horticulturae},
  TITLE = {Evaluating the accountability of trunk size and canopy volume models for determining apple tree production potential across diverse management regimes},
}

@INCOLLECTION{Cohen_2011,
  AUTHOR = {Cohen, Oded and Linker, Raphael and Naor, Amos},
  PUBLISHER = {Springer Berlin Heidelberg},
  URL = {https://doi.org/10.1007%2F978-3-642-18333-1_77},
  BOOKTITLE = {Computer and Computing Technologies in Agriculture {IV}},
  DATE = {2011},
  DOI = {10.1007/978-3-642-18333-1_77},
  PAGES = {630--642},
  TITLE = {Estimation of the Number of Apples in Color Images Recorded in Orchards},
}

@ARTICLE{volz1988regulation,
  AUTHOR = {Volz, RK},
  PUBLISHER = {Taylor \& Francis},
  DATE = {1988},
  JOURNALTITLE = {New Zealand Journal of Experimental Agriculture},
  NUMBER = {1},
  PAGES = {47--53},
  TITLE = {Regulation and estimation of crop load on \textquoteleft{}{}{}{}Gala\textquoteright{}{}{}{}apple trees},
  VOLUME = {16},
}

@ARTICLE{mizushima2011cost,
  AUTHOR = {Mizushima, Akira and Lu, Renfu},
  PUBLISHER = {American Society of Agricultural and Biological Engineers},
  DATE = {2011},
  JOURNALTITLE = {Applied engineering in agriculture},
  NUMBER = {1},
  PAGES = {33--40},
  TITLE = {Cost benefits analysis of in-field presorting for the apple industry},
  VOLUME = {27},
}

@ARTICLE{Wulfsohn_2011,
  AUTHOR = {Wulfsohn, Dvoralai and Zamora, Felipe Aravena and T{\'{e}}llez, Camilla Potin and Lagos, In{\'{e}}s Zamora and Garc{\'{\i{}}}a-Fi{\~{n}}ana, Marta},
  PUBLISHER = {Springer Nature},
  URL = {https://doi.org/10.1007%2Fs11119-011-9245-2},
  DATE = {2011-09},
  DOI = {10.1007/s11119-011-9245-2},
  JOURNALTITLE = {Precision Agriculture},
  NUMBER = {2},
  PAGES = {256--275},
  TITLE = {Multilevel systematic sampling to estimate total fruit number for yield forecasts},
  VOLUME = {13},
}

@BOOK{peach2008,
  EDITOR = {Layne, D. and Bassi, D.},
  PUBLISHER = {CABI},
  URL = {https://doi.org/10.1079%2F9781845933869.0000},
  DATE = {2008},
  DOI = {10.1079/9781845933869.0000},
  TITLE = {The peach: botany, production and uses},
}

@ARTICLE{Aggelopoulou_2010,
  AUTHOR = {Aggelopoulou, A. D. and Bochtis, D. and Fountas, S. and Swain, K. C. and Gemtos, T. A. and Nanos, G. D.},
  PUBLISHER = {Springer Nature},
  URL = {https://doi.org/10.1007%2Fs11119-010-9187-0},
  DATE = {2010-08},
  DOI = {10.1007/s11119-010-9187-0},
  JOURNALTITLE = {Precision Agriculture},
  NUMBER = {3},
  PAGES = {448--456},
  TITLE = {Yield prediction in apple orchards based on image processing},
  VOLUME = {12},
}

@ARTICLE{Linker_2012,
  AUTHOR = {Linker, Raphael and Cohen, Oded and Naor, Amos},
  PUBLISHER = {Elsevier {BV}},
  URL = {https://doi.org/10.1016%2Fj.compag.2011.11.007},
  DATE = {2012-02},
  DOI = {10.1016/j.compag.2011.11.007},
  JOURNALTITLE = {Computers and Electronics in Agriculture},
  PAGES = {45--57},
  TITLE = {Determination of the number of green apples in {RGB} images recorded in orchards},
  VOLUME = {81},
}

@INPROCEEDINGS{Gang_Pan_2007,
  AUTHOR = {Pan, Gang and Li, Feng-min and Sun, Guo-jun},
  PUBLISHER = {IEEE},
  URL = {https://doi.org/10.1109%2Figarss.2007.4422917},
  BOOKTITLE = {2007 {IEEE} International Geoscience and Remote Sensing Symposium},
  DATE = {2007},
  DOI = {10.1109/igarss.2007.4422917},
  TITLE = {Digital camera based measurement of crop cover for wheat yield prediction},
}

@INPROCEEDINGS{Kishore_2008,
  AUTHOR = {Swain, {Kishore C.} and Zaman, Qamar and Jayasuriya, {Hemantha P W} and Zhang, Fangming},
  LANGUAGE = {English},
  PUBLISHER = {American Society of Agricultural and Biological Engineers},
  BOOKTITLE = {American Society of Agricultural and Biological Engineers Annual International Meeting 2008, ASABE 2008},
  DATE = {2008},
  ISBN = {9781605605364},
  PAGES = {134--144},
  TITLE = {Estimation of rice yield and protein content using remote sensing images acquired by radio controlled unmanned helicopter},
  VOLUME = {1},
}

@ARTICLE{Q_U_Zaman_2008,
  AUTHOR = {Zaman, Q. U. and Schumann, A. W. and Percival, D. C. and Gordon, R. J.},
  PUBLISHER = {American Society of Agricultural and Biological Engineers ({ASABE})},
  URL = {https://doi.org/10.13031%2F2013.25302},
  DATE = {2008},
  DOI = {10.13031/2013.25302},
  JOURNALTITLE = {Transactions of the {ASABE}},
  NUMBER = {5},
  PAGES = {1539--1544},
  TITLE = {Estimation of Wild Blueberry Fruit Yield Using Digital Color Photography},
  VOLUME = {51},
}

@ARTICLE{Cheng_2017,
  AUTHOR = {Cheng, Hong and Damerow, Lutz and Sun, Yurui and Blanke, Michael},
  PUBLISHER = {{MDPI} {AG}},
  URL = {https://doi.org/10.3390%2Fjimaging3010006},
  DATE = {2017-01},
  DOI = {10.3390/jimaging3010006},
  JOURNALTITLE = {Journal of Imaging},
  NUMBER = {1},
  PAGES = {6},
  TITLE = {Early Yield Prediction Using Image Analysis of Apple Fruit and Tree Canopy Features with Neural Networks},
  VOLUME = {3},
}

@ARTICLE{Kim_2008,
  AUTHOR = {Kim, Yunseop and Reid, John F. and Zhang, Qin},
  PUBLISHER = {Elsevier {BV}},
  URL = {https://doi.org/10.1016%2Fj.compag.2007.09.008},
  DATE = {2008-03},
  DOI = {10.1016/j.compag.2007.09.008},
  JOURNALTITLE = {Computers and Electronics in Agriculture},
  NUMBER = {2},
  PAGES = {279--288},
  TITLE = {Fuzzy logic control of a multispectral imaging sensor for in-field plant sensing},
  VOLUME = {60},
}

@ARTICLE{Mehl_2004,
  AUTHOR = {Mehl, Patrick M and Chen, Yud-Ren and Kim, Moon S and Chan, Diane E},
  PUBLISHER = {Elsevier {BV}},
  URL = {https://doi.org/10.1016%2Fs0260-8774%2803%2900188-2},
  DATE = {2004-01},
  DOI = {10.1016/s0260-8774(03)00188-2},
  JOURNALTITLE = {Journal of Food Engineering},
  NUMBER = {1},
  PAGES = {67--81},
  TITLE = {Development of hyperspectral imaging technique for the detection of apple surface defects and contaminations},
  VOLUME = {61},
}

@ARTICLE{Okamoto_2009,
  AUTHOR = {Okamoto, Hiroshi and Lee, Won Suk},
  PUBLISHER = {Elsevier {BV}},
  URL = {https://doi.org/10.1016%2Fj.compag.2009.02.004},
  DATE = {2009-05},
  DOI = {10.1016/j.compag.2009.02.004},
  JOURNALTITLE = {Computers and Electronics in Agriculture},
  NUMBER = {2},
  PAGES = {201--208},
  TITLE = {Green citrus detection using hyperspectral imaging},
  VOLUME = {66},
}

@ARTICLE{Rodriguez_2004,
  AUTHOR = {Rodriguez, J. C. and Duchemin, B. and Hadria, R. and Watts, C. and Garatuza, J. and Chehbouni, A. and Khabba, S. and Boulet, G. and Palacios, E. and Lahrouni, A.},
  PUBLISHER = {{EDP} Sciences},
  URL = {https://doi.org/10.1051%2Fagro%3A2004037},
  DATE = {2004-09},
  DOI = {10.1051/agro:2004037},
  JOURNALTITLE = {Agronomie},
  NUMBER = {6-7},
  PAGES = {295--304},
  TITLE = {Wheat yield estimation using remote sensing and the {STICS} model in the semiarid Yaqui valley, Mexico},
  VOLUME = {24},
}

@ARTICLE{Yang_2004,
  AUTHOR = {Yang, Chenghai and Everitt, James H. and Bradford, Joe M. and Murden, Dale},
  PUBLISHER = {Springer Nature},
  URL = {https://doi.org/10.1007%2Fs11119-004-5319-8},
  DATE = {2004-10},
  DOI = {10.1007/s11119-004-5319-8},
  JOURNALTITLE = {Precision Agriculture},
  NUMBER = {5},
  PAGES = {445--461},
  TITLE = {Airborne Hyperspectral Imagery and Yield Monitor Data for Mapping Cotton Yield Variability},
  VOLUME = {5},
}

@ARTICLE{Ye_2007,
  AUTHOR = {Ye, Xujun and Sakai, Kenshi and Manago, Masafumi and Asada, Shin-ichi and Sasao, Akira},
  PUBLISHER = {Springer Nature},
  URL = {https://doi.org/10.1007%2Fs11119-007-9032-2},
  DATE = {2007-04},
  DOI = {10.1007/s11119-007-9032-2},
  JOURNALTITLE = {Precision Agriculture},
  NUMBER = {3},
  PAGES = {111--125},
  TITLE = {Prediction of citrus yield from airborne hyperspectral imagery},
  VOLUME = {8},
}

@ARTICLE{Dorj_2017,
  AUTHOR = {Dorj, Ulzii-Orshikh and Lee, Malrey and Yun, Sang-seok},
  PUBLISHER = {Elsevier {BV}},
  URL = {https://doi.org/10.1016%2Fj.compag.2017.05.019},
  DATE = {2017-08},
  DOI = {10.1016/j.compag.2017.05.019},
  JOURNALTITLE = {Computers and Electronics in Agriculture},
  PAGES = {103--112},
  TITLE = {An yield estimation in citrus orchards via fruit detection and counting using image processing},
  VOLUME = {140},
}

@ARTICLE{Escol__2011,
  AUTHOR = {Escol{\`{a}}, Alexandre and Planas, Santiago and Rosell, Joan Ramon and Pomar, Jes{\'{u}}s and Camp, Ferran and Solanelles, Francesc and Gracia, Felip and Llorens, Jordi and Gil, Emilio},
  PUBLISHER = {{MDPI} {AG}},
  URL = {https://doi.org/10.3390%2Fs110302459},
  DATE = {2011-02},
  DOI = {10.3390/s110302459},
  JOURNALTITLE = {Sensors},
  NUMBER = {3},
  PAGES = {2459--2477},
  TITLE = {Performance of an Ultrasonic Ranging Sensor in Apple Tree Canopies},
  VOLUME = {11},
}

@ARTICLE{Llorens_2011,
  AUTHOR = {Llorens, Jordi and Gil, Emilio and Llop, Jordi and Escol{\`{a}}, Alexandre},
  PUBLISHER = {{MDPI} {AG}},
  URL = {https://doi.org/10.3390%2Fs110202177},
  DATE = {2011-02},
  DOI = {10.3390/s110202177},
  JOURNALTITLE = {Sensors},
  NUMBER = {2},
  PAGES = {2177--2194},
  TITLE = {Ultrasonic and {LIDAR} Sensors for Electronic Canopy Characterization in Vineyards: Advances to Improve Pesticide Application Methods},
  VOLUME = {11},
}

@ARTICLE{Auat_Cheein_2015,
  AUTHOR = {Cheein, Fernando A. Auat and Guivant, Jos{\'{e}} and Sanz, Ricardo and Escol{\`{a}}, Alexandre and Yand{\'{u}}n, Francisco and Torres-Torriti, Miguel and Rosell-Polo, Joan R.},
  PUBLISHER = {Elsevier {BV}},
  URL = {https://doi.org/10.1016%2Fj.compag.2015.09.017},
  DATE = {2015-10},
  DOI = {10.1016/j.compag.2015.09.017},
  JOURNALTITLE = {Computers and Electronics in Agriculture},
  PAGES = {361--371},
  TITLE = {Real-time approaches for characterization of fully and partially scanned canopies in groves},
  VOLUME = {118},
}

@ARTICLE{Pfeiffer_2018,
  AUTHOR = {Pfeiffer, Sebasti{\'{a}}n Arriagada and Guevara, Javier and Cheein, Fernando Auat and Sanz, Ricardo},
  PUBLISHER = {Elsevier {BV}},
  URL = {https://doi.org/10.1016%2Fj.compag.2018.01.022},
  DATE = {2018-03},
  DOI = {10.1016/j.compag.2018.01.022},
  JOURNALTITLE = {Computers and Electronics in Agriculture},
  PAGES = {104--113},
  TITLE = {Mechatronic terrestrial {LiDAR} for canopy porosity and crown surface estimation},
  VOLUME = {146},
}

@ARTICLE{Sanz_2018,
  AUTHOR = {Sanz, Ricardo and Llorens, Jordi and Escol{\`{a}}, Alexandre and Arn{\'{o}}, Jaume and Planas, Santiago and Rom{\'{a}}n, Carla and Rosell-Polo, Joan R.},
  PUBLISHER = {Elsevier {BV}},
  URL = {https://doi.org/10.1016%2Fj.agrformet.2018.06.017},
  DATE = {2018-10},
  DOI = {10.1016/j.agrformet.2018.06.017},
  JOURNALTITLE = {Agricultural and Forest Meteorology},
  PAGES = {229--239},
  TITLE = {{LIDAR} and non-{LIDAR}-based canopy parameters to estimate the leaf area in fruit trees and vineyard},
  VOLUME = {260-261},
}

@ARTICLE{J_Wei_2004,
  AUTHOR = {Wei, J. and Salyani, M.},
  PUBLISHER = {American Society of Agricultural and Biological Engineers ({ASABE})},
  URL = {https://doi.org/10.13031%2F2013.17795},
  DATE = {2004},
  DOI = {10.13031/2013.17795},
  JOURNALTITLE = {Transactions of the {ASAE}},
  NUMBER = {6},
  PAGES = {2101--2107},
  TITLE = {{DEVELOPMENT} {OF} A {LASER} {SCANNER} {FOR} {MEASURING} {TREE} {CANOPY} {CHARACTERISTICS}: {PHASE} 1. {PROTOTYPE} {DEVELOPMENT}},
  VOLUME = {47},
}

@ARTICLE{bulanon2010fruit,
  AUTHOR = {Bulanon, DM and Kataoka, T},
  DATE = {2010},
  JOURNALTITLE = {Agricultural Engineering International: CIGR Journal},
  NUMBER = {1},
  TITLE = {Fruit detection system and an end effector for robotic harvesting of Fuji apples},
  VOLUME = {12},
}

@ARTICLE{Bulanon_2002,
  AUTHOR = {Bulanon, D.M. and Kataoka, T. and Ota, Y. and Hiroma, T.},
  PUBLISHER = {Elsevier {BV}},
  URL = {https://doi.org/10.1006%2Fbioe.2002.0132},
  DATE = {2002-12},
  DOI = {10.1006/bioe.2002.0132},
  JOURNALTITLE = {Biosystems Engineering},
  NUMBER = {4},
  PAGES = {405--412},
  TITLE = {{AE}{---}Automation and Emerging Technologies},
  VOLUME = {83},
}

@ARTICLE{Leemans_1999,
  AUTHOR = {Leemans, V and Magein, H and Destain, M.-F},
  PUBLISHER = {Elsevier {BV}},
  URL = {https://doi.org/10.1016%2Fs0168-1699%2899%2900006-x},
  DATE = {1999-06},
  DOI = {10.1016/s0168-1699(99)00006-x},
  JOURNALTITLE = {Computers and Electronics in Agriculture},
  NUMBER = {1},
  PAGES = {43--53},
  TITLE = {Defect segmentation on `Jonagold' apples using colour vision and a Bayesian classification method},
  VOLUME = {23},
}

@ARTICLE{Ji_2012,
  AUTHOR = {Ji, Wei and Zhao, Dean and Cheng, Fengyi and Xu, Bo and Zhang, Ying and Wang, Jinjing},
  PUBLISHER = {Elsevier {BV}},
  URL = {https://doi.org/10.1016%2Fj.compeleceng.2011.11.005},
  DATE = {2012-09},
  DOI = {10.1016/j.compeleceng.2011.11.005},
  JOURNALTITLE = {Computers {\&} Electrical Engineering},
  NUMBER = {5},
  PAGES = {1186--1195},
  TITLE = {Automatic recognition vision system guided for apple harvesting robot},
  VOLUME = {38},
}

@ARTICLE{adamsen2000method,
  AUTHOR = {Adamsen, FJ and Coffelt, TA and Nelson, John M and Barnes, Edward M and Rice, Robert C},
  PUBLISHER = {Crop Science Society of America},
  DATE = {2000},
  JOURNALTITLE = {Crop Science},
  NUMBER = {3},
  PAGES = {704--709},
  TITLE = {Method for using images from a color digital camera to estimate flower number},
  VOLUME = {40},
}

@ARTICLE{Giusti_2016,
  AUTHOR = {Giusti, Alessandro and Guzzi, Jerome and Ciresan, Dan C. and He, Fang-Lin and Rodriguez, Juan P. and Fontana, Flavio and Faessler, Matthias and Forster, Christian and Schmidhuber, Jurgen and Caro, Gianni Di and Scaramuzza, Davide and Gambardella, Luca M.},
  PUBLISHER = {Institute of Electrical and Electronics Engineers ({IEEE})},
  URL = {https://doi.org/10.1109%2Flra.2015.2509024},
  DATE = {2016-07},
  DOI = {10.1109/lra.2015.2509024},
  JOURNALTITLE = {{IEEE} Robotics and Automation Letters},
  NUMBER = {2},
  PAGES = {661--667},
  TITLE = {A Machine Learning Approach to Visual Perception of Forest Trails for Mobile Robots},
  VOLUME = {1},
}

@ARTICLE{Reid_1987,
  AUTHOR = {Reid, J. and Searcy, S.},
  PUBLISHER = {Institute of Electrical and Electronics Engineers ({IEEE})},
  URL = {https://doi.org/10.1109%2Fmcs.1987.1105271},
  DATE = {1987-04},
  DOI = {10.1109/mcs.1987.1105271},
  JOURNALTITLE = {{IEEE} Control Systems Magazine},
  NUMBER = {2},
  PAGES = {39--43},
  TITLE = {Vision-based guidance of an agriculture tractor},
  VOLUME = {7},
}

@ARTICLE{Hiremath_2014,
  AUTHOR = {Hiremath, Santosh A. and van der Heijden, Gerie W.A.M. and van Evert, Frits K. and Stein, Alfred and ter Braak, Cajo J.F.},
  PUBLISHER = {Elsevier {BV}},
  URL = {https://doi.org/10.1016%2Fj.compag.2013.10.005},
  DATE = {2014-01},
  DOI = {10.1016/j.compag.2013.10.005},
  JOURNALTITLE = {Computers and Electronics in Agriculture},
  PAGES = {41--50},
  TITLE = {Laser range finder model for autonomous navigation of a robot in a maize field using a particle filter},
  VOLUME = {100},
}

@ARTICLE{P_rez_Ruiz_2012,
  AUTHOR = {P{\'{e}}rez-Ruiz, M. and Slaughter, D.C. and Gliever, C.J. and Upadhyaya, S.K.},
  PUBLISHER = {Elsevier {BV}},
  URL = {https://doi.org/10.1016%2Fj.compag.2011.10.006},
  DATE = {2012-01},
  DOI = {10.1016/j.compag.2011.10.006},
  JOURNALTITLE = {Computers and Electronics in Agriculture},
  PAGES = {41--49},
  TITLE = {Automatic {GPS}-based intra-row weed knife control system for transplanted row crops},
  VOLUME = {80},
}

@ARTICLE{Aquino_2018,
  AUTHOR = {Aquino, Arturo and Millan, Borja and Diago, Maria-Paz and Tardaguila, Javier},
  PUBLISHER = {Elsevier {BV}},
  URL = {https://doi.org/10.1016%2Fj.compag.2017.11.026},
  DATE = {2018-01},
  DOI = {10.1016/j.compag.2017.11.026},
  JOURNALTITLE = {Computers and Electronics in Agriculture},
  PAGES = {26--36},
  TITLE = {Automated early yield prediction in vineyards from on-the-go image acquisition},
  VOLUME = {144},
}

@ARTICLE{Brunella_2007,
  AUTHOR = {Morandi, Brunella and Manfrini, Luigi and Zibordi, Marco and Noferini, Massimo and Fiori, Giovanni and Grappadelli, Luca Corelli},
  DATE = {2007},
  ISSN = {00185345},
  JOURNALTITLE = {HortScience},
  NUMBER = {6},
  PAGES = {1380--1382},
  TITLE = {A low-cost device for accurate and continuous measurements of fruit diameter},
  VOLUME = {42},
}

@ARTICLE{Manfrini_2009,
  AUTHOR = {Manfrini, L. and Taylor, J.A. and Grappadelli, L.C.},
  URL = {https://www.scopus.com/inward/record.uri?eid=2-s2.0-67649510901&partnerID=40&md5=97cfa3c2408b54db6924c817659a2aae},
  DATE = {2009},
  JOURNALTITLE = {European Journal of Horticultural Science},
  NOTE = {cited By 5},
  NUMBER = {2},
  PAGES = {54--60},
  TITLE = {Spatial analysis of the effect of fruit thinning on apple crop load},
  VOLUME = {74},
}

@ARTICLE{Duhan_2017,
  AUTHOR = {Duhan, Joginder Singh and Kumar, Ravinder and Kumar, Naresh and Kaur, Pawan and Nehra, Kiran and Duhan, Surekha},
  PUBLISHER = {Elsevier {BV}},
  URL = {https://doi.org/10.1016%2Fj.btre.2017.03.002},
  DATE = {2017-09},
  DOI = {10.1016/j.btre.2017.03.002},
  JOURNALTITLE = {Biotechnology Reports},
  PAGES = {11--23},
  TITLE = {Nanotechnology: The new perspective in precision agriculture},
  VOLUME = {15},
}

@ARTICLE{He_2018,
  AUTHOR = {He, Long and Schupp, James},
  PUBLISHER = {{MDPI} {AG}},
  URL = {https://doi.org/10.3390%2Fagronomy8100211},
  DATE = {2018-09},
  DOI = {10.3390/agronomy8100211},
  JOURNALTITLE = {Agronomy},
  NUMBER = {10},
  PAGES = {211},
  TITLE = {Sensing and Automation in Pruning of Apple Trees: A Review},
  VOLUME = {8},
}

